2842 4808
510 304 586 359 ΑΗΒ.
602 304 788 360 Pituuuttrtt
800 303 902 359 cteta

362 494 498 558 inmanes
513 496 627 577 placido
643 498 780 579 dogmate
796 496 960 571 seminans,

362 590 547 653 inmansueta
566 612 637 654 suas
653 604 684 655 ut
701 592 881 655 cerimonias

361 704 435 766 gens
452 705 565 767 pagana
582 687 644 747 Deo
659 695 816 768 sperneret
832 682 951 767 agnitos

361 790 444 843 actus
460 780 626 844 turbinibus
643 782 720 844 forte
735 779 906 864 nigerrimis

361 876 516 939 hibernum
534 877 656 961 pelagus
671 877 730 940 iam
746 886 811 939 rate
828 874 916 938 debili

359 981 390 1033 et
404 971 463 1034 rim
481 971 628 1054 navifragi
644 971 829 1055 pertulerant
844 969 920 1032 noti.

360 1068 417 1131 Sed
434 1091 498 1132 cnm
515 1069 646 1132 caerulei
663 1068 775 1151 praelia
791 1064 918 1149 gurgitis

357 1164 497 1228 iussisset
513 1163 632 1226 Domini
646 1164 754 1227 dextra
770 1161 936 1244 quiescere,

360 1262 396 1322 ad
412 1272 527 1344 portum
546 1261 665 1323 fluitans
681 1258 785 1323 cumba
800 1257 948 1321 relabitur

358 1356 541 1440 exponitque
558 1356 622 1417 solo
639 1355 749 1418 littoris
765 1352 847 1417 nvidi

358 1461 529 1514 contractos
546 1450 647 1534 pluvio
665 1450 775 1532 frigore
792 1447 932 1530 remiges.

360 1545 445 1609 'func
459 1546 495 1607 de
511 1545 641 1609 littoreis
656 1544 775 1629 sepibus
791 1545 881 1630 algidi

357 1651 491 1702 arentum
509 1660 636 1723 propere
652 1639 773 1703 braebia
788 1639 938 1724 palmitum

217 1832 242 1880 4.
259 1829 365 1895 placito
379 1830 400 1881 Α
414 1830 444 1881 0.
568 1832 593 1879 b.
614 1831 670 1881 Iam
683 1846 770 1881 mans.
786 1828 821 1892 ll;
842 1836 871 1880 et
883 1828 916 1879 Ε.
1037 1828 1063 1880 6.
1087 1825 1160 1878 Mene
1173 1840 1208 1878 n.

148 1899 173 1950 9.
200 1900 335 1967 naustagi
351 1898 426 1964 Prag.
442 1898 511 1950 Sicb.
522 1909 575 1950 tres
589 1900 668 1949 Cbor.
682 1899 782 1963 Poett.,
805 1900 952 1964 naufragii
969 1912 1002 1959 a;
1019 1898 1198 1962 protulerant
1209 1895 1244 1947 Α.

254 1967 293 2019 12.
313 1969 408 2018 cambo
428 1986 446 2018 α
466 1969 525 2020 Ald.
542 1969 623 2033 Lugii.
639 1968 737 2020 Weita.
756 1969 843 2019 licias.
859 1968 948 2018 Ciam.
962 1965 1028 2017 Cell.
1043 1965 1126 2030 ott,
1151 1966 1282 2033 eymhn

147 2051 171 2086 ιιι
184 2053 200 2086 u
211 2035 280 2087 Sieh.
290 2043 343 2087 tres
357 2036 434 2088 Febr.
450 2036 504 2088 Gis.
521 2040 614 2089 Amstr.
630 2039 724 2101 brem,
744 2039 832 2088 cimba
846 2035 922 2087 Cher.
938 2035 1021 2086 Poett.
1164 2034 1206 2085 1³.
1226 2051 1281 2101 que

148 2120 204 2154 exc.
220 2123 251 2168 u;
272 2106 377 2157 littoris
389 2107 449 2157 eolo
463 2121 488 2156 a.
574 2108 615 2157 14.
632 2109 776 2159 Cuntaetoa
791 2122 823 2157 ex
834 2105 933 2157 Heinsii
947 2105 1095 2155 coniectura
1108 2101 1173 2154 eati.
1188 2101 1279 2162 Teoi..

149 2174 318 2224 Constrictus
331 2176 397 2224 coni.
413 2175 496 2226 Burin.
511 2175 542 2224 ad
555 2176 661 2225 Antbol.
676 2174 708 2239 ll,
724 2191 748 2240 p.
763 2176 806 2225 63.
931 2176 970 2226 lb.
991 2174 1073 2224 ettae.
1090 2171 1163 2237 Pras.
1178 2171 1239 2224 ttae.
1255 2187 1279 2223 ιι

148 2240 244 2299 welle.
256 2242 324 2307 (neu
337 2243 377 2306 B).

147 2421 173 2464 ta
191 2412 371 2482 sacerdotibus
390 2413 569 2465 redderentur.
594 2413 689 2465 Contra
731 2429 778 2466 ara
790 2413 923 2465 Victoriae
943 2429 970 2464 re
987 2412 1081 2464 eteada
1099 2412 1183 2465 denno
1198 2426 1278 2477 agere

146 2489 219 2550 quarti
243 2478 369 2535 Damasus
400 2481 527 2535 Romanus
557 2484 689 2551 episcopas
732 2491 935 2551 aggressusest.
962 2429 1061 2548 deibus
1079 2480 1202 2534 extremis
1218 2481 1278 2531 eiua

145 2554 274 2618 surrexit,
289 2553 424 2621 libelloque
437 2554 636 2604 christianorum
649 2568 690 2604 sa·
732 2554 868 2605 conatibus
889 2552 967 2603 Prud.
992 2552 1041 2602 duo
1065 2551 1181 2603 earmina
1204 2549 1277 2601 l'eiiei

145 2629 262 2675 natorum
281 2623 439 2675 eontrarium
453 2623 636 2690 postulantium
656 2622 688 2673 ad
731 2640 786 2674 aum
801 2637 921 2673 successa
934 2621 1061 2688 opposuit.
1081 2619 1216 2671 Victoriae
1229 2633 1277 2669 au·

144 2691 304 2743 Ambrosium
326 2693 413 2743 misso·
429 2692 491 2752 (vid.
516 2693 604 2742 haebr.
627 2693 685 2742 adv.
731 2700 782 2742 teau
807 2692 972 2742 simulacrum
995 2690 1038 2740 diu
1060 2697 1181 2755 tauquam
1202 2689 1275 2738 urbis

144 2759 240 2827 Symm.
273 2761 299 2810 io
324 2759 456 2824 Graugaei
487 2768 619 2812 comment.
655 2761 687 2811 ad
732 2761 827 2811 lionae
858 2760 1003 2825 perinsigne
1035 2765 1210 2809 ornamentum
1244 2772 1275 2808 ae

143 2828 207 2878 duos
219 2830 294 2880 Prad.
304 2830 366 2879 libb.
377 2837 464 2879 eontra
476 2828 569 2897 Symm.
579 2847 603 2896 p.
613 2830 684 2892 tio),
731 2830 809 2880 decus
822 2830 854 2879 ab
868 2829 983 2879 omnihus
997 2829 1111 2878 habitum
1125 2827 1221 2891 luisse,
1242 2840 1275 2877 ex

142 2896 240 2947 illustri
262 2897 447 2948 Mediolanensi
468 2900 586 2964 episcopo
607 2903 687 2948 inter·
730 2900 784 2965 ipso
799 2898 874 2948 Prad.
896 2898 971 2948 sicuti
987 2912 1001 2947 e
1015 2897 1158 2947 Claudiano
1171 2895 1276 2960 colligi-

143 2966 250 3015 cedente
272 2967 379 3016 istorum
401 2973 507 3015 conotus
526 2982 606 3016 vanos
628 2967 685 3016 red·
730 2976 783 3030 tur,
806 2967 849 3032 qni
871 2968 988 3017 tutelam
1010 2965 1110 3017 Romae
1131 2970 1214 3032 togae
1235 2964 1274 3028 (ia

143 3034 210 3083 didit
235 3041 311 3099 atque
335 3035 435 3084 irritos.
469 3034 561 3085 lterum
588 3036 684 3102 Symm.
729 3036 889 3102 Panegyrico
910 3036 941 3086 de
963 3043 1036 3086 sexto
1057 3034 1161 3085 lionorii
1180 3049 1275 3084 eonsu-

143 3101 266 3152 Gratiano
280 3105 364 3153 oeeiao
375 3101 583 3154 Valentinianum
596 3120 687 3153 secan·
730 3106 783 3155 lata
798 3105 860 3167 597)
875 3119 930 3155 eom
944 3111 1083 3170 nuncupat.

142 3172 200 3220 dum
214 3172 293 3236 adiit,
315 3187 396 3238 neque
416 3171 552 3238 quidquam
566 3171 683 3238 proiecit,
781 3174 806 3223 6.
828 3171 936 3240 agnito]
955 3174 991 3224 ed
1006 3173 1199 3223 Atheniensium
1218 3176 1274 3236 βω-

142 3254 198 3290 eum
211 3240 298 3290 Amba.
312 3241 457 3310 Symmachi
477 3240 626 3292 relationem
641 3243 686 3291 du·
728 3238 791 3302 μόν,
811 3238 841 3292 ἐν
861 3225 883 3307 ᾧ
904 3240 1110 3310 ἐπεγέγραπτο·
1127 3235 1273 3307 Ἀγνώστφ

141 3309 207 3375 plico
232 3311 320 3360 tiheiio
350 3311 531 3377 impugnasset.
569 3311 686 3361 Valenti·
730 3312 791 3377 Θεῷ
803 3313 932 3378 respicere
944 3313 1057 3362 ridetur.
1070 3309 1236 3374 aeratas.

142 3379 217 3429 niano
239 3381 367 3444 extincto,
390 3381 422 3431 ab
440 3381 555 3445 lingerio
575 3387 684 3447 tyranne
780 3382 803 3434 i.
824 3381 1024 3432 iteraretis.

142 3449 243 3513 „iegati
268 3452 430 3515 petiverunt,
455 3458 484 3500 ut
505 3449 607 3516 templis
628 3450 685 3501 red·
782 3451 822 3503 10.
847 3448 965 3518 praelio]
989 3447 1049 3499 ilar.
1074 3447 1123 3498 0d.
1147 3447 1168 3511 l,
1188 3449 1216 3512 3,
1242 3450 1271 3499 11

141 3518 224 3581 deret,
239 3535 287 3569 oon
302 3520 377 3583 lecit3
397 3522 488 3570 iterum
507 3520 584 3569 atteri
597 3527 684 3586 postu·
726 3537 774 3571 nee
788 3521 1069 3586 timuitpreeeipitem
1082 3518 1209 3584 Afriertm
1230 3517 1276 3568 de·

141 3588 274 3650 laverunt,
295 3591 394 3639 renisus
413 3597 469 3650 est;
493 3596 519 3639 et
538 3589 684 3651 (Ambrosio
727 3595 878 3641 certantem
901 3588 1094 3655 Aquilonibus,
1120 3585 1183 3636 ibid.
1207 3587 1274 3645 ss

141 3655 158 3704 l.
173 3656 192 3705 1.
215 3671 272 3705 eam
296 3659 472 3724 vituperante)
496 3666 584 3723 postea
608 3658 680 3724 ipsis,
727 3664 776 3722 qai
791 3657 877 3708 simul
895 3657 1020 3707 Stravere
1040 3660 1134 3706 ventes
1153 3671 1275 3722 aequore

140 3724 182 3841 pai
202 3724 362 3788 petiverant,
386 3726 529 3775 donandum
547 3727 681 3791 putavit.“
717 3727 831 3793 seruitio
848 3726 1065 3791 Depreela'oates.

165 3792 316 3854 leudesius,
340 3793 453 3856 [iugenio
476 3801 501 3843 et
522 3793 634 3844 blasiano
656 3809 680 3844 a.
780 3797 820 3846 12.
834 3793 955 3860 partum]
972 3794 1076 3844 Melitae
1090 3793 1200 3844 losalae.

140 3860 683 3930 394proitigatis,paganumouitumpeni·
780 3865 820 3915 14.
848 3862 921 3924 Virg.
945 3861 1039 3927 Georg.
1065 3861 1115 3919 itt.
1140 3862 1190 3913 278
1223 3868 1274 3913 aaut

139 3936 181 3979 tas
200 3929 341 3995 oppressit,
364 3930 416 3979 vid.
438 3930 465 3979 S.
480 3930 500 3989 l,
515 3934 546 3992 t,
571 3934 680 3997 August.
725 3932 796 3982 uada
809 3936 973 3997 nigerrimus
985 3933 1087 3982 Auster
1097 3934 1234 3984 Nascitur
1246 3936 1276 3982 et

139 3997 195 4048 Cir.
211 3997 257 4048 Dei
275 3995 306 4060 V,
327 3998 370 4048 26.
397 3998 506 4048 Arcadio
525 4007 552 4048 et
570 4000 682 4051 lionorlo
723 4002 816 4068 pluuia
829 4001 1098 4067 contristatsrigore
1111 4001 1227 4052 caelum.

139 4065 215 4134 impp.
230 4082 286 4116 cum
300 4065 375 4116 Gothi
390 4065 489 4118 ltaliam
504 4068 681 4134 devastarent,
779 4068 819 4119 lb.
839 4068 949 4119 Brachia
967 4070 1063 4120 vitibus
1081 4070 1197 4121 tribuere
1216 4069 1274 4123 bla-

138 4135 681 4272 'tet‘attitulat*tittittt
723 4137 1002 4270 tit-:¹¹iisttii
1015 4140 1273 4277 {disistit

139 4274 288 4337 expulsione
302 4275 416 4325 divorum
436 4275 467 4324 ab
487 4276 542 4326 avis
555 4275 680 4326 cultorum
724 4276 872 4335 Eeterint,
888 4281 946 4326 tam
959 4281 1066 4343 stringe
1079 4293 1184 4342 eomes,
1208 4283 1271 4328 tem

139 4341 267 4392 deducens
286 4351 363 4409 atque
382 4357 493 4407 arenam
511 4358 567 4396 eata
582 4344 636 4396 aula
648 4344 679 4394 de
724 4342 835 4396 bractia
849 4344 937 4396 tonde.
