2842 4808
133 321 264 376 edibili.
298 323 342 375 DE
356 321 531 376 contutatus
545 322 617 374 MSS.
633 321 676 375 ΕΤ
689 303 1107 378 autatoutntts't’ttttnattttt.
1161 331 1240 374 xxm
1289 343 1291 346 ⁴

104 513 184 576 quae
215 493 246 556 in
268 495 473 558 Laurentium
495 495 668 558 Florentiae
697 507 802 559 cutam
825 496 1042 572 Prudentianu,
1070 500 1240 582 imperfecta

106 597 193 659 sunt,
210 587 312 663 itidem
327 588 469 671 parvique
486 587 624 671 ponderis
637 608 685 665 ea,
704 609 780 671 quac
792 584 860 651 alibi
874 588 1129 662 inveniuntur.‚ld
1142 603 1240 655 autem

107 682 148 744 ita
171 701 241 745 csse
271 703 330 744 non
352 682 383 744 iu
405 683 469 745 sola
492 682 598 756 ltalia,
626 684 678 746 sed
702 686 789 747 etiam
813 686 889 766 apud
911 683 1095 764 Germanos,
1128 685 1241 760 Gallos,

110 777 271 840 Britannos
296 777 547 852 celebratissimos
575 780 716 861 quasdam
742 780 937 857 bibliothecas
963 776 1155 845 Prudentium
1181 798 1242 846 non

108 874 220 937 babere
236 874 303 936 iure
320 873 432 936 doleas.
465 872 547 951 Quae
562 895 627 936 cum
644 876 686 937 ita
702 875 782 951 siut,
802 876 851 957 qni
867 875 1060 938 Prudentium
1076 876 1242 952 ediderunt,

109 972 184 1034 nibil
199 971 239 1034 iis
254 971 404 1052 antiquins
420 991 488 1034 esse
504 970 648 1048 debebat,
666 992 752 1054 quam
769 982 801 1033 ut
816 971 1021 1048 membranas,
1045 983 1191 1057 quotquot
1205 976 1242 1038 ad

108 1089 229 1131 manum
253 1079 374 1143 essent,
402 1088 517 1130 summa
540 1088 605 1130 cum
628 1089 699 1130 cura
722 1077 901 1129 excuterent
922 1068 960 1130 ad
976 1079 1093 1151 poetam
1116 1072 1243 1154 pristino

107 1163 201 1225 nitori
223 1163 454 1226 restituendum.
489 1162 757 1225 Vernmenimvero
778 1163 827 1244 qni
842 1161 957 1225 decimo
973 1175 1062 1226 sexto
1077 1185 1112 1228 ac
1128 1166 1243 1231 decimo

108 1261 235 1344 septimo
257 1259 377 1324 saeculo
394 1261 480 1322 codd.
495 1259 762 1340 manuscriptorum
780 1258 927 1341 praesidia
943 1259 980 1320 ad
996 1259 1111 1324 huncce
1127 1272 1241 1326 textum

113 1355 326 1418 emendandum
343 1365 581 1437 congesserunt,
606 1354 626 1417 ii
645 1355 776 1435 prolecto
798 1375 857 1416 non
874 1375 991 1416 omnem
1009 1355 1176 1439 scripturae
1191 1381 1243 1423 ra-

114 1448 246 1511 rietatem
264 1448 487 1533 proponebant,
511 1448 564 1512 sed
587 1469 653 1510 eam
669 1451 732 1510 lere
749 1467 825 1527 quae
842 1469 894 1531 pro
909 1446 1042 1531 ipsorum
1059 1460 1146 1534 captu
1161 1453 1244 1517 utilis

109 1543 184 1606 foret
199 1543 237 1606 ad
252 1563 317 1605 rem
333 1554 421 1625 atque
436 1553 522 1627 apta,
541 1542 664 1624 reliquis
680 1542 817 1606 omnibus
833 1542 1023 1634 iisquebaud
1038 1565 1109 1607 raro
1124 1548 1244 1631 optimis

106 1641 202 1704 variis
216 1637 394 1703 lectionibus
410 1635 531 1700 silentio
546 1646 635 1718 atque
647 1637 796 1700 oblivione
814 1638 920 1699 iterum
935 1637 1075 1720 sepultis.
1103 1638 1243 1706 Attamen

105 1748 249 1819 qnantum
265 1737 341 1801 lucis
357 1737 473 1818 integra
497 1734 681 1818 supellectile
704 1733 808 1797 critica
823 1733 879 1817 ipsi
903 1745 1005 1798 textus
1021 1735 1184 1802 intellectui
1199 1740 1244 1802 al'-

108 1833 199 1910 icmi,
219 1844 363 1916 quantum
379 1834 569 1895 tenebrarum
586 1852 692 1894 manca
708 1832 824 1894 ratione
848 1831 949 1895 critica
965 1831 1087 1895 dill‘undi
1105 1844 1194 1914 queat
1207 1834 1243 1898 ao

107 1928 236 2007 debeat,
259 1948 382 2005 omnes,
408 1927 514 2009 quibus
531 1926 618 1989 buius
641 1927 685 1989 rei
702 1926 842 1993 iudicium
867 1938 929 2006 est,
956 1928 1043 1991 bodie
1058 1936 1243 2013 {persuasum

108 2024 232 2087 babent.
272 2023 373 2086 Critici
389 2022 530 2084 iudicium
546 2031 649 2084 textus
665 2021 903 2086 emendau'onem
920 2021 1042 2105 attingit
1057 2033 1146 2104 atque
1161 2034 1244 2106 pate·

108 2119 199 2197 lacit,
229 2118 300 2183 boni
324 2118 449 2181 Codices
475 2116 692 2201 manuscripti
720 2117 842 2180 eandem
866 2117 1040 2201 perficiunt,
1067 2117 1241 2194 absolvunt,

107 2235 211 2278 rera-
236 2215 374 2278 reddunt.
413 2212 511 2292 Quare
535 2215 592 2276 iam
615 2210 809 2294 barthius²):
836 2212 937 2289 „lllud
959 2224 1071 2276 certum
1094 2223 1159 2289 est,
1184 2233 1244 2276 nou

107 2322 217 2373 extare
239 2319 378 2373 auctores
400 2308 603 2390 corruptiores
626 2307 693 2370 istis
716 2307 812 2390 poetis
835 2306 1034 2392 Christianis,
1063 2309 1113 2391 qui
1135 2307 1244 2391 ubique

106 2406 248 2469 omnibns
264 2417 351 2468 erant
364 2406 395 2466 in
410 2403 573 2467 manibus“
589 2397 654 2481 et³)
678 2403 714 2467 de
729 2403 871 2479 Paulino,
896 2405 1012 2467 ratione
1027 2405 1153 2468 aliorum
1169 2427 1242 2489 quo·

107 2521 165 2584 que
183 2512 337 2584 poetarum
363 2496 593 2562 christianorum
617 2500 695 2561 haud
716 2497 899 2562 subobscure
924 2499 1040 2562 babita:
1066 2501 1159 2575 „Dici
1182 2522 1242 2563 non

84 2594 87 2598 ’
108 2607 226 2679 potest,
250 2616 337 2679 qnam
354 2594 525 2656 contemtim
548 2593 637 2676 vulgo
655 2605 713 2654 tam
731 2592 830 2655 divina
848 2590 946 2675 Opera
961 2593 1143 2657 habeantur:
1170 2612 1245 2676 quo-j

114 2701 160 2753 tos
173 2692 256 2754 enim
273 2689 397 2774 quisque
420 2699 468 2753 est
480 2689 530 2752 vel
551 2687 736 2751 eruditorum
758 2687 832 2750 nihil
848 2709 909 2750 non
925 2690 1151 2772 pervagantium
1168 2689 1243 2753 alio·

115 2787 193 2868 quin,
213 2789 263 2870 qui
277 2788 382 2849 horum
398 2785 509 2848 bisant
525 2794 572 2846 ter
584 2783 773 2846 meminerit?
796 2783 878 2848 Unde
894 2784 983 2867 longe
995 2783 1084 2855 etiam
1101 2784 1242 2850 maiorem

110 2880 287 2945 illustrantis
312 2878 493 2964 diligentiam
516 2877 689 2960 requirunt,
719 2899 805 2960 quam
829 2892 960 2965 putatum
993 2879 1136 2945 hactenus
1158 2890 1241 2946 est“

110 2978 303 3061 Quantopere
326 2987 426 3038 autem
450 2987 516 3059 post
536 2994 663 3038 messem
687 2994 820 3064 messor,
847 2989 914 3060 post
935 2988 1048 3052 tectum
1065 2978 1248 3043 architectus

108 3073 337 3155 requirebatur,
361 3071 390 3132 id
406 3070 542 3154 quamvis
565 3091 618 3153 pro
641 3069 825 3152 aliquantulo
848 3085 932 3155 parte
955 3075 991 3137 iis
1015 3075 1154 3157 liquebit,
1168 3075 1240 3161 qui,

108 3188 195 3249 qnam
213 3187 269 3227 nos
283 3174 324 3226 ex
339 3167 422 3227 codd.
435 3164 516 3227 Vatt.
536 3176 602 3249 post
611 3164 781 3241 Manatum,
800 3166 950 3246 Teolium,
967 3168 1141 3247 Arevalum‚
1159 3171 1243 3232 criti-

109 3286 174 3327 cam
192 3261 409 3346 snpellectilem
419 3262 572 3325 Prudentii
585 3262 765 3326 carminibus
782 3263 972 3328 emendandis
988 3268 1243 3348 atque'illustran.

109 3360 154 3422 dis
170 3357 326 3422 attulimus
343 3359 503 3440 pleniorem
527 3369 616 3440 atque
639 3360 850 3422 correctiorem
874 3381 940 3423 cnm
963 3360 1083 3425 illorum
1100 3376 1252 3447 apparatu*

109 3455 159 3517 vel
175 3454 275 3516 obiter
296 3453 563 3536 comparaverint..
588 3453 665 3519 ldem
690 3463 730 3516 ex'
750 3456 931 3517 accuratiori
955 3455 1113 3519 collatione
1137 3477 1241 3520 eornm

111 3550 214 3628 codd.,
233 3548 281 3632 qui
295 3549 326 3611 in
338 3547 447 3624 Gallia,
465 3547 631 3625 Britannia,
650 3547 820 3621 Germania,
839 3547 976 3612 Helvetia
989 3550 1037 3612 vel
1048 3549 1119 3614 alibi
1134 3551 1254 3629 latent,

110 3645 178 3728 plns
194 3645 331 3708 minusve
353 3644 429 3707 ellici
452 3662 539 3726 posse
562 3643 684 3706 omnino
703 3645 774 3706 mibi
791 3663 967 3727 persuasum
984 3654 1048 3720 est,
1072 3666 1138 3708 cnm
1154 3646 1255 3720 cuum,

113 3742 235 3805 0bbarii
256 3741 412 3804 novissimi
433 3737 557 3802 editoris
580 3739 714 3803 sollertia
743 3740 819 3804 alias
846 3742 920 3805 satis
942 3741 1089 3805 laudanda
1112 3742 1244 3807 exhinc

114 3836 327 3921 supplementis
343 3833 519 3919 indigeat⁴).
544 3835 603 3899 Sed
618 3835 646 3899 id
663 3835 834 3900 humanitus
849 3836 910 3900 illis
925 3835 1085 3914 occidisse,
1101 3837 1167 3920 quis
1183 3848 1255 3914 est,

182 3992 209 4058 2)
229 3992 295 4043 Λᾶν.
311 3989 381 4052 ΧΙΙΙ,
397 3992 438 4055 19,
452 4007 475 4056 p.
494 3993 552 4041 tls.

181 4060 212 4126 3)
231 4061 296 4110 Λᾶν.
312 4059 381 4125 xttt,
398 4060 438 4123 tt,
453 4077 477 4126 p.
493 4061 552 4111 733.

183 4130 213 4195 d)
232 4128 366 4191 Dubitari,
380 4129 440 4194 quin
455 4129 589 4180 collationi
603 4128 862 4198 Guelferbytanornm
876 4131 949 4181 codd.
964 4129 1128 4181 Obbarianao
1150 4127 1243 4193 passim

112 4199 178 4249 fides
201 4197 319 4249 babendo
338 4197 380 4248 sit.
410 4198 491 4265 Atque
512 4213 551 4249 me
571 4216 619 4250 non
639 4214 742 4250 errasse
760 4215 817 4249 mox
837 4215 868 4251 ex
889 4201 921 4250 iio
935 4199 1025 4249 videro
1046 4196 1110 4258 tuit,
1131 4211 1196 4263 quae
1209 4195 1242 4245 cl.

112 4265 425 4334 lcepinsGuelierbytaoi
440 4274 536 4330 rector,
551 4268 733 4319 bomanissime
746 4269 889 4336 rescripsit.
910 4266 992 4318 Notae
1004 4265 1110 4317 criticae
1124 4265 1244 4316 nonnulla

113 4337 164 4388 tibi
176 4334 332 4403 corrigenda
345 4336 502 4387 indicabunt.
518 4336 608 4403 Doleo,
623 4338 688 4404 quod
702 4337 802 4391 tardius
815 4336 954 4405 suspicioni
969 4349 1063 4387 vacare
1075 4335 1158 4400 coepi.
