2842 4808
515 264 589 316 nuit.
605 263 785 317 inuuunrti
800 264 907 317 cuitu.

353 452 469 528 „nobis
485 453 645 530 putorem,
664 467 721 515 nos
737 466 861 529 quoque
875 453 1019 514 descruit

354 551 505 622 „praesto
522 552 572 608 cst
586 547 720 625 punicis,
739 562 796 608 neo
811 548 931 623 patitur
946 562 1059 609 sacrae

353 642 573 718 „integritatis
588 654 718 702 munera
734 641 842 717 pollui.

351 732 511 811 „Ferrum
527 737 659 812 inpiabis
675 739 841 815 sanguine,
859 738 1001 811 circlos,

354 842 443 905 „non
459 829 637 904 inquinabis
653 833 790 894 membra
806 831 974 893 libitinc.“

354 920 407 985 Sto
424 924 577 985 elocutam
594 927 762 1001 publicitus
777 927 863 987 iubet

355 1019 440 1080 iiexu
455 1019 488 1080 in
505 1021 625 1095 plateae
641 1022 755 1084 sistere
772 1021 937 1097 virginem.

354 1110 496 1177 Stantem
513 1117 634 1193 rebrgit
649 1121 768 1180 maesia
785 1118 972 1194 frequentia,

356 1223 467 1271 aversa
483 1211 602 1288 vuitus,
619 1226 659 1273 ne
674 1212 865 1289 petulantius

356 1304 521 1379 quisquam
536 1308 707 1368 verentium
723 1308 918 1382 conspiceret
934 1305 1046 1366 iocum.

356 1392 495 1460 intenuit
509 1413 591 1462 unus
607 1401 688 1462 iorta
703 1403 877 1477 procaciter

358 1505 393 1552 os
410 1492 441 1553 in
457 1493 604 1570 pueliam,
623 1510 680 1556 neo
696 1496 829 1572 trepidat
845 1509 965 1557 sacrorn

356 1589 499 1659 spectare
515 1587 645 1649 termam
662 1589 782 1651 iumine
798 1590 929 1651 lubrico.

358 1677 406 1743 En
423 1683 488 1743 aies
504 1683 588 1759 ignis
605 1685 745 1748 tttiroints
761 1687 792 1747 in
810 1685 933 1747 mutium

359 1777 503 1839 vibratur
516 1780 629 1841 articus
645 1784 740 1856 alque
755 1782 864 1842 oculos
880 1781 971 1842 ieritz

358 1886 471 1934 caecus
486 1887 618 1936 corusco
634 1875 751 1937 iumine
766 1875 892 1936 conruit

359 1968 453 2039 alque
469 1966 500 2027 tn
516 1967 636 2042 piatone
651 1968 781 2043 pulvere
796 1968 937 2044 paipiiot.

359 2054 490 2119 Tollunt
505 2060 629 2121 sodates
645 2062 831 2122 seminecem
849 2060 916 2121 solo

360 2153 526 2227 verbisque
542 2154 656 2215 uellent
670 2156 898 2230 exequialibus.

360 2239 428 2305 ibat
443 2246 638 2322 triumphans
654 2249 745 2324 virgo
763 2246 859 2310 Deum
876 2250 995 2324 patrem

362 2335 588 2415 Christumque
603 2356 693 2403 sacro
709 2343 847 2403 carmine
862 2340 1044 2415 concinens,

361 2434 442 2509 quoti
459 2434 517 2495 sub
534 2436 654 2510 proiani
671 2437 739 2499 tabe
754 2437 885 2513 periculi

365 2534 486 2592 castum
503 2530 634 2607 lupanar
650 2547 707 2593 nec
723 2533 869 2594 violabile

364 2629 492 2700 experta
509 2626 624 2688 victrix
641 2626 809 2703 virginitas
826 2627 918 2688 toret.

364 2714 447 2781 Sunt
461 2719 513 2794 qui
531 2724 672 2796 rogatam
688 2720 869 2782 rettulerint
884 2733 992 2795 preces

365 2811 485 2873 iuuisse
501 2809 639 2889 Christo,
658 2802 801 2875 retineret
816 2817 852 2874 ut
866 2827 920 2874 reo

364 2905 464 2965 iucem
481 2906 613 2967 iocanti:
633 2909 698 2967 turn
714 2906 819 2968 tuveni
836 2905 966 2967 halitum

367 2997 450 3057 ritae
465 2998 649 3060 innovatum
665 3001 785 3062 visibus
803 2999 948 3076 integris.

365 3087 504 3153 Primum
522 3094 575 3156 scti
590 3091 700 3171 Agnes
716 3095 798 3157 hunc
813 3095 922 3157 habuit
935 3093 1069 3170 gratum

366 3185 511 3247 caelestis
527 3187 629 3264 auiae,
648 3202 720 3250 mox
735 3188 818 3249 ailus
834 3186 937 3250 tatur.

366 3281 531 3343 Accensus
546 3285 625 3346 iram
641 3297 712 3346 nam
729 3283 818 3346 iuror
832 3283 945 3344 incitat

239 3447 281 3495 38.
300 3447 393 3496 lobeni
404 3447 492 3499 Ambr.
616 3448 658 3498 39.
678 3448 769 3498 Fiooeu
783 3447 867 3497 burm.
883 3447 907 3496 io
922 3445 989 3496 nti.
1003 3441 1141 3494 16611111.
1156 3456 1181 3507 p.
1199 3441 1293 3494 totas

160 3515 258 3564 luobus
272 3523 342 3579 ootq.
358 3514 420 3565 iili».
434 3514 635 3577 montensibus,
656 3516 844 3578 Fieaeusi'rog.
869 3514 947 3565 litat.
966 3513 1002 3563 ii
1023 3512 1112 3576 ltnq;
1138 3514 1164 3561 ιἰι
1203 3511 1291 3561 lateas

159 3581 726 3649 vel.cod.ioed.Weilzieoaap.lienium
739 3585 795 3635 itio.
814 3583 894 3648 Lepti.
982 3583 1026 3632 40.
1041 3581 1154 3630 Statum
1194 3578 1293 3640 ‚Stan-

160 3650 292 3700 tumbrn.
423 3653 465 3700 41.
486 3651 773 3718 AdversaAEPttp.
891 3652 934 3701 44.
953 3650 1050 3700 noio.
1173 3647 1220 3698 45.
1240 3648 1293 3698 Ex·

157 3717 398 3783 poetoresormam
414 3718 472 3767 iiio.
487 3718 568 3782 bugd.
584 3719 656 3770 stou.
667 3727 736 3783 tres,
754 3721 882 3771 Formam
902 3723 1049 3784 expectare
1067 3730 1113 3766 nea
1130 3713 1227 3766 uelint
1239 3722 1291 3766 vet.

159 3785 217 3835 coi.
233 3785 257 3832 in
270 3785 311 3833 ad.
327 3783 474 3835 Weiieisno
489 3801 529 3851 ap.
544 3787 682 3852 lienium,
703 3788 992 3852 Boepeotonasormam
1006 3784 1106 3846 Toum,
1124 3782 1292 3849 Despectam

153 3853 277 3916 sormam
291 3852 379 3902 Latin.
500 3856 543 3905 53.
563 3872 615 3922 qua
627 3856 682 3905 des.
697 3854 722 3904 in
738 3871 753 3904 n
768 3858 829 3919 (non
842 3857 867 3906 in
883 3856 989 3917 ιαπῶς
1009 3856 1151 3903 ecardum
1171 3855 1292 3902 earm

160 3921 213 3972 inv.
230 3919 258 3970 R.
331 3921 372 3971 51.
391 3921 526 3985 pertolib.
608 3925 650 3973 55.
671 3939 704 3972 ne
716 3939 772 3974 cnm
785 3925 820 3988 qi.
832 3939 883 3990 pro
897 3940 949 3975 non
963 3921 1040 3984 Pras.
1112 3920 1155 3970 56.
1170 3920 1292 3987 Aspersa

162 4006 193 4054 p;
215 3992 376 4054 uirginitate
390 3988 418 4039 tl.
519 3992 561 4041 57.
582 3991 742 4041 retulerunt
753 4009 786 4054 α,
806 3992 988 4042 recoloratam
1002 4004 1016 4057 p
1030 4004 1054 4054 q.
1161 3988 1207 4039 59.
1228 3994 1294 4039 tm

160 4071 205 4106 aa
220 4059 280 4120 (noo
294 4056 401 4120 Leon),
420 4061 485 4107 tune
497 4060 609 4109 irenenib'
619 4060 717 4110 alitum
729 4059 767 4120 Α,
789 4066 847 4111 tum
863 4061 938 4110 sebit
951 4060 1051 4110 altman
1065 4055 1144 4107 Lanr.
1158 4072 1186 4107 n.

190 4124 231 4173 60.
247 4129 362 4176 tussibus
376 4125 432 4175 eod.
441 4125 549 4189 Canen,
563 4128 606 4192 qui
617 4129 741 4178 sensibus
753 4129 820 4177 cooi.
887 4128 930 4178 61.
942 4127 990 4177 sed
1000 4140 1087 4176 annus
1100 4139 1126 4190 q.
1182 4124 1228 4175 63.
1243 4126 1295 4177 Aa·

162 4206 255 4241 censos
269 4191 288 4243 11
302 4191 378 4258 Pras.
399 4192 455 4245 itui.
471 4209 517 4244 ms.
537 4194 564 4244 S.
580 4193 658 4246 titel.
673 4210 713 4261 ap.
729 4193 846 4245 Rotnani.
867 4212 884 4244 α
898 4195 913 4245 b
926 4210 949 4245 rn
962 4210 976 4260 q
996 4192 1075 4244 Turn.
1095 4189 1176 4243 ruis.
1191 4191 1292 4246 Waltz.

161 4256 237 4308 Ciror.
254 4260 334 4312 Poeii.
352 4263 382 4326 (t.
392 4278 416 4312 e.
429 4277 496 4313 mooe
508 4263 581 4313 oliuo
593 4263 679 4314 dator
689 4265 832 4315 Ascensus.
849 4264 921 4314 iram
935 4278 998 4313 nam
1005 4263 1093 4328 jorot·
1103 4260 1182 4324 sim).
