2842 4808
169 323 285 376 cltltt.
317 322 362 374 ott
376 322 551 376 COlthlBUS
566 322 639 376 MSS.
655 323 697 375 ΕΤ
712 322 925 375 ΕΠΙΤΙΟΝΙΒΠὸ
940 320 1129 375 rnuoenrn.
1199 318 1248 368 cxl

149 505 250 577 qouotor
265 493 384 579 hymni:
403 495 441 557 de
456 495 582 566 Natali,
601 505 632 557 et
648 494 838 579 Epiphanio.
856 494 962 558 Postea
982 492 1248 579 Peristcphenme,

151 590 242 653 sierde
258 592 436 667 coronatis,
456 591 479 651 i.
497 589 701 673 martyribus,
727 590 778 652 sed
796 589 896 653 nullae
912 599 982 652 sunt
1003 588 1132 671 glossae.
1167 588 1249 650 lllico

151 681 301 767 Apotheosis
315 704 384 746 cum
401 683 494 746 titulis
510 683 601 745 minio
619 684 740 745 notatis.
766 683 798 744 lu
815 683 890 745 sine:
909 683 1101 767 Apotheosis
1116 682 1154 744 de
1169 682 1249 744 diei-

153 777 224 839 riteh
229 777 317 860 finit.
341 777 459 861 Incipit
475 777 717 860 Amcrtigcnea,
735 777 771 839 id
785 785 843 845 est,
862 776 900 838 de
916 778 1041 860 origine
1051 789 1250 860 peccatorum

152 869 273 932 aduersus
286 870 513 947 Marcionitas,
531 873 588 955 qm·
600 872 677 933 duos
693 871 766 933 deos
787 893 855 934 esse
869 871 1045 955 officerent.
1079 872 1251 953 Sequuntur

148 964 379 1047 psychomachia,
404 977 435 1028 et
457 967 514 1028 duo
535 965 603 1028 libri
627 967 780 1029 aduersus
795 966 1030 1051 Spatanaeham,
1056 968 1107 1029 sed
1131 967 1251 1050 glossae

152 1064 406 1127 nmcontinuantur
426 1065 461 1126 ad
480 1063 566 1125 linem
583 1083 675 1144 usquc
699 1062 765 1126 libri
782 1063 916 1126 secundi.
945 1063 1166 1126 Advertendum
1191 1073 1249 1135 est,

151 1154 225 1220 iuhoe
237 1157 338 1220 codice
354 1176 422 1219 esse
439 1167 551 1220 tantum
566 1159 773 1240 glossemata,
792 1177 850 1218 non
868 1156 1011 1218 earmina.
1039 1156 1142 1219 Codex
1158 1155 1251 1218 nitido

151 1246 295 1313 charactere
310 1251 440 1333 scriptus
457 1260 516 1325 est,
533 1270 550 1310 a
567 1246 652 1310 uohis
669 1259 796 1312 eocutas
808 1250 845 1313 Τ.
862 1250 961 1314 Not:
981 1251 1087 1333 Elogio
1104 1250 1250 1313 Gennadii

150 1342 176 1405 de
191 1343 338 1407 Prudentio
372 1343 426 1407 hac
451 1343 617 1427 peculiares
646 1342 766 1426 glossae
793 1345 958 1407 adduntur:
990 1346 1158 1408 illustrium
1182 1353 1249 1432 (νιος

151 1438 240 1516 limat,
256 1441 308 1504 vel
320 1439 491 1504 clerorum.
516 1439 720 1503 Ditrochcem
745 1439 878 1524 (duplae
892 1441 1039 1522 refectio,
1058 1443 1080 1502 i.
1098 1440 1136 1502 de
1153 1438 1255 1502 ceteri

150 1538 249 1595 attieno
271 1540 464 1597 testamento.
488 1531 660 1616 Eeceptis)
683 1530 739 1595 At
754 1533 886 1594 inuicem
903 1535 1069 1617 separetis.
1090 1530 1251 1617 Apotheo-

149 1626 191 1707 sis)
207 1628 383 1714 lieificutio.
414 1629 528 1691 Rursus
550 1626 663 1691 affirmo
686 1627 901 1710 conlirmoque,
919 1628 949 1691 in
972 1629 1052 1691 nullo
1069 1639 1130 1691 vat.
1149 1628 1216 1690 cod.
1235 1647 1250 1688 a

149 1741 184 1785 ne
197 1734 341 1811 repertum
364 1725 534 1810 diptychon
558 1723 656 1806 prisca
678 1745 767 1786 manu
790 1722 830 1787 ita
855 1726 1009 1808 scriptum.
1040 1723 1126 1787 Alius
1145 1722 1249 1797 tradit,

148 1816 347 1900 maissiam
369 1819 455 1882 codd.
480 1829 554 1881 vatt.
581 1819 756 1904 adstipulari
781 1819 849 1881 huic
871 1819 958 1881 titulo
982 1818 1171 1904 daptprleoe:
1198 1816 1250 1880 sed

148 1908 251 1975 lenisse
265 1912 368 1975 titulos
384 1912 524 1975 iodicium
541 1923 680 1976 recentes
702 1934 754 1995 pro
770 1913 900 1995 antiquis
923 1911 1079 1995 accepit.“
1099 1948 1137 1957 -
1163 1907 1251 1989 „Co-

147 2000 364 2068 decaaticcnaa
376 2011 471 2068 4318.
489 2026 557 2090 pag.
575 2012 626 2068 52.
644 2006 746 2069 seculo
758 2005 842 2067 Xlll.
861 2005 1037 2068 chartaceus
1053 2003 1084 2066 in
1101 2009 1146 2079 8.,
1165 2003 1251 2066 cuius

145 2094 226 2163 titulun
240 2109 288 2164 est
303 2098 334 2163 in
350 2099 485 2177 catalogo
507 2098 704 2162 bibliothecae
719 2100 891 2162 vaticanae:
918 2097 1142 2162 Cornmentorii
1159 2116 1253 2180 saper

146 2188 296 2257 Marte
318 2193 382 2257 DE
400 2191 627 2257 COLVMBA
647 2194 848 2256 hastariorum
872 2193 987 2254 ceteras
1009 2196 1131 2253 cericei
1157 2199 1252 2252 teste·

145 2287 229 2349 eati.
266 2286 369 2350 Not.=
392 2285 464 2368 Peg.
485 2290 537 2349 52.
561 2285 673 2349 codicis
695 2285 841 2368 incipiunt
863 2283 1068 2347 commentarii
1090 2303 1156 2345 cum
1179 2282 1252 2365 ipsis

145 2382 305 2446 montenis
321 2382 481 2460 Dittochei,
499 2393 530 2445 et
546 2381 660 2459 titulus,
678 2392 710 2443 ut
725 2379 764 2444 ihi
782 2379 900 2456 dicitur,
919 2390 982 2443 est:
1005 2380 1125 2465 [recepit
1140 2387 1253 2441 auctor

144 2472 294 2539 Prodentii
305 2476 344 2540 de
359 2498 440 2540 nouo
456 2476 597 2539 colomba
615 2477 759 2553 (tortasse
776 2476 932 2558 legendum
951 2475 988 2537 de
1005 2474 1079 2537 Eue
1095 2473 1251 2552 columba)

144 2564 326 2633 hitonhrum
341 2573 457 2633 ceteris
471 2572 660 2647 testamenti,
678 2579 710 2630 et
724 2571 810 2632 morti.
843 2569 866 2631 F
868 2569 925 2631 init
941 2590 1005 2631 eum
1029 2566 1204 2630 tetrasticho
1217 2569 1253 2629 de

144 2663 307 2748 tpeealppsi.
346 2663 488 2746 Sequitur
509 2684 577 2747 pag.
597 2670 648 2725 63.
668 2663 726 2726 alia
743 2662 894 2745 expositio
919 2665 1003 2726 Aer.
1024 2662 1192 2724 lh=udentii
1204 2659 1253 2722 lti-

143 2760 313 2820 ttericrume
330 2777 365 2820 ac
381 2767 520 2834 notatur,
544 2768 695 2821 auctorem
713 2757 852 2820 hahuisse
869 2757 926 2819 tria
947 2759 1086 2820 nomina:
1114 2753 1252 2818 Prodea-

144 2852 211 2926 ee,
232 2850 301 2934 quia
319 2850 461 2935 prudens
481 2850 554 2925 luit,
588 2851 768 2914 Aureolus.
794 2851 860 2931 quia
884 2871 1012 2912 aeream
1037 2849 1127 2912 vitam
1152 2846 1251 2923 duxit,

145 2943 285 3025 dhaene,
312 2946 382 3027 quia
396 2947 480 3008 ceeti
491 2967 587 3023 eneas,
606 2966 642 3010 eo
658 2947 734 3029 quod
752 2959 879 3009 mentem
902 2945 933 3008 in
949 2946 1127 3010 caelestibus
1145 2945 1253 3009 hahue-

143 3040 183 3103 m.
196 3041 337 3104 Additur:
355 3041 473 3103 dicitur
487 3041 567 3104 liber
582 3044 640 3105 istc
655 3042 709 3107 DI
710 3041 892 3107 t'TocHE
895 3043 929 3104 V
927 3041 970 3114 S,
988 3043 1023 3104 id
1036 3052 1102 3113 est,
1121 3039 1254 3123 resectio

143 3139 243 3198 ueteris
257 3137 445 3209 testamenti,
463 3145 496 3197 et-
509 3141 585 3198 noai
601 3182 608 3197 .
627 3185 635 3199 .
654 3184 660 3199 .
682 3139 794 3200 titides
810 3140 885 3200 tolie
900 3147 965 3199 est.-
982 3134 1098 3221 Incipit
1116 3134 1254 3198 l’ruden·

144 3233 194 3292 ess
207 3239 348 3294 emtam
369 3227 407 3290 de
429 3233 543 3304 aeteri,
570 3242 599 3293 et
620 3254 701 3294 reone
725 3243 920 3296 testamento.
952 3230 1117 3293 Character
1139 3239 1186 3294 est
1207 3248 1255 3291 se·

144 3324 239 3404 quim-is
260 3322 351 3400 aevi,
374 3324 570 3407 etymologiae
592 3325 753 3401 ridiculae,
777 3326 982 3389 commentarii
1007 3324 1093 3387 nohis
1116 3321 1252 3397 inutiles,

144 3420 217 3482 etiam
232 3440 298 3482 cum
314 3438 430 3490 mnus,
447 3419 572 3502 margini
588 3421 718 3503 appieta,
736 3422 836 3484 auimo
851 3421 966 3484 intento
982 3420 1064 3483 iuhet
1079 3438 1147 3482 esse
1162 3417 1254 3480 lecto·

143 3530 207 3576 ren.
229 3514 331 3596 ltaque
345 3513 410 3575 sinc
427 3513 487 3576 ullo
503 3514 623 3578 nomine
640 3518 717 3581 hunc
733 3517 863 3581 codicem
881 3516 1117 3599 praeterimus.“

214 3607 305 3669 Acer.
331 3606 464 3690 prolegg.
489 3630 516 3689 p.
536 3616 592 3671 56:
626 3610 758 3687 „Codex
784 3609 980 3673 Bononiensis
1004 3610 1099 3672 solnm
1123 3609 1258 3671 eontinet

145 3701 323 3783 apotheosin,
349 3701 609 3785 hamartigeniam,
640 3706 919 3791 psychomachiam:
945 3700 1106 3768 mendosus
1129 3717 1195 3781 est,
1226 3716 1257 3767 et

144 3796 260 3860 temese
283 3816 324 3858 ex
345 3795 466 3860 Platesii
494 3798 617 3864 arbitrio
647 3811 844 3886 corruptus.‘⁶
882 3801 1003 3865 Lihrnm
1032 3802 1129 3885 ipsum
1152 3803 1257 3866 videre

139 3888 206 3952 mihi
226 3912 284 3952 non
309 3890 447 3971 contigit.
471 3890 603 3974 Repetivi
626 3894 719 3975 igitur
742 3916 824 3959 vare.
849 3897 952 3972 lectt,
976 3897 1078 3981 quales
1094 3917 1142 3980 ap.
1160 3896 1255 3960 Arev.

140 3982 290 4048 hahentur.

226 4173 390 4236 sennem
405 4174 509 4240 hone
524 4196 610 4240 noun
625 4198 743 4242 nnnmls
759 4204 788 4242 Α.
807 4178 1011 4243 nodedun.
