2842 4778
564 287 779 341 trainensis,
1175 290 1235 352 127

198 470 361 554 (itti-lubet
376 479 412 536 ut
427 475 561 551 redeam,
581 493 640 538 non
658 477 766 538 reddet
781 475 881 537 dedite
896 477 1083 552 quidquam:

199 585 269 630 nam
286 572 312 630 sl
330 570 472 632 debilitas
488 574 579 648 redit,
597 575 782 635 instauratio
798 588 859 634 non
876 577 936 633 est.
1172 585 1236 633 toto

198 659 287 743 Quod
305 680 397 725 casus
413 666 527 742 rapuit,
545 668 624 741 quod
642 669 778 742 morbus,
798 666 878 741 qnod
895 665 983 727 dolor
997 665 1113 743 hausit,

199 759 279 833 quod
297 762 454 820 truncavit
470 762 548 822 edax
565 764 684 823 senium
701 763 865 837 populante
881 764 1021 837 veterno,

198 865 289 912 omne
304 855 472 914 revertenti
489 860 630 930 reparata
645 856 676 915 in
693 855 828 915 memllra
844 854 967 914 redidit.

198 945 298 1009 Deltet
312 950 392 1011 enirn
410 964 493 1010 mors
508 951 591 1011 vieta
606 952 709 1026 iidem,
729 967 767 1011 ne
785 950 891 1011 iraude
907 949 1042 1024 sepulcri

197 1042 306 1103 reddat
321 1053 442 1104 curtum
459 1043 586 1119 aliquid,
604 1046 745 1118 quamvls
762 1045 822 1105 iam
837 1048 926 1104 curta
942 1043 1059 1105 rorarii
1170 1057 1235 1108 tots

197 1152 343 1212 corpora:
362 1138 503 1198 debilitas
520 1143 622 1199 tamen
639 1143 671 1199 et
686 1139 834 1199 violentia
851 1137 949 1197 morlti

198 1234 298 1293 virtus
315 1235 424 1296 mortis
440 1238 518 1295 erat.
544 1232 667 1308 Reddit,
687 1236 767 1310 quod
783 1233 990 1311 particulatim

198 1328 362 1387 sorbuerat
377 1342 560 1402 quocunque
577 1329 676 1402 mollo,
695 1344 734 1389 ne
751 1332 891 1389 mortuus
906 1327 1007 1387 omnis

198 1436 258 1483 non
276 1422 390 1495 redeat,
410 1424 523 1498 siquid
540 1424 630 1499 plene
646 1426 683 1484 de
700 1438 828 1499 corpore
843 1423 934 1484 desit.

197 1514 308 1579 Pellite
323 1519 415 1579 eorde
428 1524 555 1593 metum,
574 1535 641 1580 mea
658 1522 803 1595 memltra,
823 1523 854 1579 et
868 1518 986 1580 credite
1000 1524 1122 1581 vosmet
1145 1546 1148 1555 ·
1170 1532 1236 1583 teau

200 1631 269 1677 cum
286 1611 412 1677 Cltrislo
428 1616 565 1677 reditura
582 1617 655 1678 deo:
674 1632 744 1702 nam
759 1631 816 1676 vos
831 1616 915 1692 gerit
929 1615 982 1677 ille

199 1716 230 1772 et
245 1726 350 1772 secum
367 1716 505 1772 revocat.
530 1709 658 1773 lllorlos
675 1713 772 1787 ridete
786 1714 934 1788 minaces,

200 1805 333 1865 indictos
349 1820 441 1866 casus
458 1807 676 1883 contempnite,
696 1810 794 1867 taetra
810 1807 952 1882 sepulcra

199 1900 347 1974 dispuite:
367 1914 522 1975 exurgens
539 1915 599 1974 nuo
616 1896 762 1986 Christus
778 1904 936 1975 provocat,
954 1900 1008 1960 ile.

184 2088 257 2138 1075.
278 2094 380 2138 eertum
397 2087 431 2148 tt;
444 2091 579 2152 sererent
592 2088 685 2152 Prag.,
706 2093 813 2139 roravit
825 2088 882 2139 nid.
899 2087 980 2151 Lugd.
1089 2092 1164 2144 luit.
1179 2100 1235 2144 erit

113 2154 186 2220 Gla,
205 2156 304 2207 Reddit
314 2160 333 2206 Α
344 2156 384 2221 t‘q
398 2157 461 2207 Obb.
481 2157 545 2223 [Cir.
558 2158 646 2225 total,
660 2158 792 2208 ueduata
805 2153 1010 2223 praestantiores
1021 2157 1122 2210 Heinss.
1135 2160 1231 2214 Weiss.

113 2226 247 2276 Sielt.trea
266 2225 342 2276 Cher.
363 2225 465 2291 Poeta,
484 2226 588 2277 Reddet
601 2228 619 2277 lt
634 2245 651 2276 α
665 2245 677 2276 a
693 2243 714 2276 m
730 2244 745 2276 u
764 2229 821 2277 ald.
842 2226 920 2291 Lugd.
947 2226 1002 2277 Gis.
1018 2227 1114 2280 Weitz.
1137 2234 1232 2283 Amstr.

114 2293 204 2345 Heius.
220 2293 285 2345 dett.
300 2296 379 2345 Aren.
504 2297 577 2346 llls‘ll.
598 2314 656 2346 mae
671 2297 726 2346 alu.
744 2296 841 2360 Lagd.:
862 2312 910 2345 om.
926 2303 953 2346 et
962 2294 992 2347 Τ.
1113 2300 1184 2350 tusa.
1207 2308 1234 2352 et

112 2370 178 2414 alra
196 2380 219 2428 p.
236 2370 324 2413 taetra
340 2365 385 2430 aq
404 2364 535 2415 statues
554 2366 628 2415 Cher.
648 2364 731 2415 Poett.
753 2366 817 2415 dell.
837 2363 909 2414 Teol.
932 2368 991 2427 (non
1010 2365 1130 2430 wasa).

169 2432 241 2483 last.
263 2432 604 2498 disputatiuncula.
624 2431 690 2500 [Cir.
708 2434 749 2483 Ps.
766 2434 826 2484 368.
842 2434 868 2483 Ρ.
886 2434 916 2495 ΙΙ,
935 2435 990 2484 tud.
1013 2434 1039 2485 S.
1057 2435 1076 2490 l.
1091 2436 1151 2486 aad.
1171 2437 1234 2488 Ter·

114 2501 174 2552 tull.
192 2502 250 2551 adv.
273 2501 349 2565 Marc.
373 2501 455 2563 l,·29:
479 2507 648 2551 nratrimoar'i
666 2519 708 2551 res
727 2502 905 2568 dispuendoe,
932 2503 1019 2553 idnioi.
1039 2501 1085 2566 xl,
1107 2504 1164 2572 13],
1185 2507 1234 2558 lie-

113 2574 204 2635 rpm'le
218 2570 331 2631 weita,
353 2572 480 2634 lirspiu'le
495 2572 511 2619 B
525 2569 545 2618 N
561 2570 606 2619 tta
620 2586 643 2620 m
657 2586 670 2634 q
685 2571 741 2619 llll.
756 2571 835 2630 tuga.
850 2570 920 2620 stet.
930 2578 982 2620 tres
996 2571 1071 2621 Fabr.
1087 2573 1142 2623 llis.
1155 2576 1231 2626 Cher.

114 2639 196 2689 Poett.
212 2640 304 2691 dmslr.
323 2640 408 2689 licias.
423 2639 486 2689 dell.
503 2642 597 2695 Areu..
616 2640 751 2704 nespilae
764 2639 784 2689 0
799 2639 831 2688 W
845 2641 947 2706 (supra)
960 2657 992 2703 n;
1012 2647 1037 2689 et
1050 2657 1163 2706 surgetis
1176 2645 1232 2695 old.

114 2706 198 2771 Lngd.

184 2775 331 2827 Subscrihb.
351 2776 427 2826 Finit
435 2778 601 2842 Apelleosea
614 2795 647 2841 a,
668 2775 736 2825 nulla
755 2775 891 2843 epigraphe
910 2791 967 2844 aq,
987 2778 1100 2829 desierat
1123 2780 1184 2832 1001
1205 2781 1232 2848 l,

117 2844 193 2896 aenae
203 2846 270 2896 iiber
280 2847 441 2912 Apotheosis
454 2862 493 2911 m,
513 2846 639 2912 Explicit
651 2848 753 2897 Contra
767 2846 918 2910 Manirdeos
932 2865 958 2898 ιι.
