2842 4778
581 276 849 332 duuxurldtiute.

233 455 406 538 idcircone,
425 476 515 538 rogo,
534 465 727 540 speculatrix
743 467 857 542 pupula
876 467 959 527 molli

234 555 358 617 subdita
376 557 540 632 palpebrae
555 563 614 634 est,
634 564 669 620 ut
685 563 789 635 tnrpla
806 562 1024 623 semivirorum

233 652 369 712 memllra
387 651 529 712 tlreatrall
547 659 669 728 spectet
683 656 838 730 vertigine
855 657 943 730 lervi,
1230 669 1281 718 ato

232 744 393 807 incestans
410 747 542 808 miseros
560 748 649 811 toedo
665 751 870 812 oblectamine
886 752 997 812 visust

231 842 287 899 aut
302 839 371 900 ideo
387 843 510 918 spirant
525 845 687 920 mediaque
702 861 740 907 ex
758 861 830 906 arce
846 848 964 908 cerebri

232 933 401 997 demittunt
414 938 557 1011 geminas
573 941 692 1000 sociata
710 941 862 1000 foramina
880 956 983 1014 nares,

233 1030 268 1087 ut
284 1027 369 1088 bibat
385 1029 559 1091 inlecebras
575 1032 654 1092 male
670 1033 833 1092 conciliata
850 1034 1006 1108 voluptas,

231 1135 310 1196 quas
326 1123 517 1198 pigmentato
533 1127 681 1187 meretrix
698 1127 771 1187 iacit
787 1128 915 1202 inproba
931 1128 1036 1189 crinel
1227 1141 1277 1193 315

233 1229 307 1276 num
324 1221 451 1292 propter
466 1218 585 1295 lyricae
601 1220 809 1281 modulamina
825 1235 906 1281 vana
922 1222 1056 1297 percitae,

232 1324 463 1387 nervorumque
478 1329 573 1375 sonos
589 1317 621 1374 et
635 1315 798 1375 convivale
814 1315 944 1376 calentis

231 1418 355 1465 carmen
373 1407 530 1480 nequltlae
546 1406 669 1481 patulas
687 1404 771 1467 ileos
787 1407 906 1468 addldlt
920 1407 1035 1468 aures?

230 1512 347 1573 perque
363 1514 552 1562 cavernosos
567 1502 662 1562 lussit
677 1505 841 1576 penetrare
857 1506 978 1564 meatus

230 1592 318 1652 vocis
334 1593 414 1654 iteri
436 1597 585 1671 numquid
603 1597 724 1657 madido
741 1611 833 1671 sapor
847 1597 964 1659 inditus
980 1596 1027 1657 orl
1226 1612 1276 1662 ano

231 1685 311 1747 vlvlt
325 1687 364 1745 oli
380 1687 459 1749 lanc
474 1705 613 1765 cansam,
631 1692 783 1751 medicata
800 1695 833 1751 ut
852 1692 970 1752 tercula
989 1691 1109 1767 pigram

230 1777 402 1852 ingluviem
419 1785 624 1857 vegetamque
639 1783 744 1856 gulam
760 1784 912 1857 ganeonis
929 1784 1090 1844 inescent?

229 1884 285 1945 per
300 1872 404 1933 varios
416 1879 532 1949 gustus
549 1875 703 1935 instructa
719 1878 754 1934 ut
770 1875 897 1947 prandia
913 1876 1006 1935 ducat

230 1964 262 2025 ln
279 1970 401 2028 noctem
419 1969 577 2043 lassetque
592 1982 721 2044 gravem
736 1982 793 2028 sua
810 1969 937 2044 crapula
948 1971 1110 2031 ventrem?

231 2056 312 2140 Quid
326 2063 450 2136 durum,
469 2064 542 2139 quid
557 2064 648 2125 molle
663 2064 757 2138 ieret,
775 2064 848 2139 quld
862 2065 942 2136 lene,
960 2066 1031 2140 quid
1045 2067 1188 2146 horrens,
1223 2080 1273 2131 ³25

230 2155 303 2228 quid
320 2156 456 2217 calidum
470 2157 659 2232 gelidumve,
677 2153 764 2219 iieus
779 2172 971 2232 cognoscere
986 2165 1109 2222 nosmet

230 2251 349 2310 attactu
367 2249 465 2310 voluit
480 2250 624 2327 palpandi
640 2251 810 2326 interprete
826 2266 939 2313 sensu:

229 2345 262 2404 at
277 2358 335 2405 nos
351 2344 478 2406 delictas
493 2346 668 2422 plumarum
685 2350 717 2406 et
733 2347 812 2407 llnoa
831 2351 918 2407 texta

229 2439 399 2500 sternimus
415 2444 509 2514 atque
525 2444 628 2500 cutem
647 2440 747 2500 iulcro
764 2444 946 2501 attenuante
960 2441 1105 2517 polimus.

229 2530 319 2595 Felix
336 2535 389 2608 qul
406 2535 534 2595 indultis
550 2534 651 2609 potuit
667 2534 864 2595 mediocriter
879 2535 923 2596 uti
1222 2548 1273 2598 cao

229 2628 410 2691 muneribus
425 2643 614 2704 parcumque
629 2628 753 2688 modum
771 2642 897 2689 servare
913 2630 1048 2705 truendi,

214 2800 274 2850 312.
295 2801 384 2864 Atque
397 2800 457 2851 idco
472 2797 529 2849 lint.
657 2798 718 2849 313.
740 2800 894 2850 lle'me'ttuat
907 2799 939 2849 W
954 2799 1031 2863 Prope.
1046 2801 1103 2852 ald.
1120 2800 1202 2863 Lngd.

178 2870 239 2920 315.
263 2870 366 2934 Quies.
473 2868 1047 2934 ult.elcorluioacrecateuttsilld.Lugd.
1152 2870 1212 2921 318.
1228 2871 1274 2920 ab·

144 2938 216 2989 dedu
229 2952 272 2986 aa
287 2953 301 2985 u
316 2939 377 2998 (non
394 2935 494 2993 ianm).
604 2937 662 2987 321.
683 2936 817 2987 urediluta
831 2955 863 3000 u;
883 2942 932 2988 aut
946 2953 969 2987 a.
1065 2937 1123 2987 322,
1139 2944 1274 3006 uegetam-

144 3023 196 3074 que
209 3006 231 3056 0
245 3005 266 3055 lt
278 3003 300 3054 Τ
314 3004 390 3054 Lacr.
412 3003 468 3054 Pul.
483 3005 559 3056 Tdrr.
575 3023 592 3054 u
605 3022 618 3055 a
633 3023 648 3055 a
668 3006 725 3055 illd.
750 3005 829 3069 Lugd.
850 3006 920 3056 stet.
930 3015 983 3058 tres
1002 3005 1056 3057 die
1075 3006 1082 3056 Ι
1097 3005 1173 3057 (lior.
1190 3007 1273 3058 Paeti.

143 3076 240 3127 Anasta.
263 3072 350 3123 iicins.
371 3073 436 3123 Ceii.
457 3073 540 3137 olm,
566 3078 732 3140 celatamque
757 3072 815 3125 lint.
837 3074 934 3126 Weiss.
955 3091 979 3125 ιιι
998 3074 1074 3125 ianr.
1095 3074 1152 3126 Gis.
1174 3075 1272 3128 Weitz.

145 3144 235 3208 Areu„
246 3144 366 3209 setaque
379 3143 453 3205 i’rag.
469 3158 520 3193 rec.
536 3158 620 3207 mnn.;
641 3147 776 3194 inaesccat
791 3143 808 3192 B
823 3143 855 3192 W
869 3143 965 3195 Waltz.
1067 3145 1128 3196 324.
1144 3145 1274 3210 laxatque

144 3210 204 3263 uu.
305 3212 366 3261 325.
388 3210 542 3276 leuePrag.,
563 3212 929 3275 icociiucuelprobatrirev.
1019 3213 1077 3262 327.
1104 3213 1273 3265 Adrastum

145 3281 222 3333 Bau
235 3279 291 3329 did.
309 3279 388 3343 Lngd.
405 3280 475 3328 siet.
486 3288 538 3331 tres
552 3280 630 3329 cleu.
644 3279 725 3330 Paeti.
737 3280 832 3330 limstr.
922 3280 981 3330 328.
995 3280 1152 3344 patinarum
1166 3282 1273 3348 iisnpra

145 3348 191 3401 ait.
206 3364 293 3412 margo
309 3348 383 3399 trium
398 3348 468 3397 stet.
607 3349 667 3399 329.
689 3353 750 3399 ovete
762 3348 818 3398 alu.
835 3347 914 3412 Lngd.
936 3347 1007 3396 Sieir.
1018 3356 1071 3397 tres
1089 3348 1166 3398 Char.
1187 3349 1272 3400 Poell.

146 3416 210 3484 [cte.
228 3415 302 3483 7861.
407 3418 467 3467 330.
487 3416 608 3467 a'nducta'e
625 3417 631 3464 l
651 3415 681 3464 lt.
786 3417 845 3466 331.
864 3422 1031 3481 partitaeque
1042 3414 1117 3480 Prag.

196 3586 256 3637 324.
283 3583 341 3635 vid.
365 3586 477 3637 Tertnli.
502 3588 633 3650 despect.
655 3587 686 3637 2:
731 3600 886 3636 communem
901 3585 977 3634 Arev.
999 3583 1140 3634 itinerante
1158 3582 1274 3650 suspica-

144 3653 238 3720 Neque
261 3656 353 3705 aculae
383 3656 419 3705 ad
443 3658 688 3718 coacccpisceata'aue
732 3663 782 3705 tur.
815 3653 898 3716 diagni
918 3652 993 3717 pretii
1012 3653 1160 3702 eretlinum
1175 3650 1273 3703 Peinsi-

142 3727 328 3787 aeempee‘mue,
348 3731 377 3774 et
395 3725 518 3786 linguam
535 3723 571 3772 ad
582 3723 689 3774 malita-
732 3738 798 3773 nnm.
819 3720 877 3771 vid.
892 3721 969 3772 Mart.
984 3720 1020 3785 X,
1034 3723 1061 3784 6,
1081 3721 1207 3784 B‘e‘ttigcr.
1225 3721 1272 3772 Sa·

144 3795 255 3860 quiam,
281 3798 308 3841 cl
324 3808 403 3841 aures
425 3793 462 3842 ad
482 3792 688 3858 exceptaculum
731 3793 791 3842 bina
812 3790 850 3856 lt,
876 3791 936 3841 215.
967 3789 992 3840 Ιιι
1013 3792 1062 3841 ista
1081 3791 1197 3854 visione,
1222 3804 1272 3854 qua

145 3860 313 3925 maliloquii,
327 3866 355 3910 ei
371 3863 466 3925 gulam
485 3860 521 3911 ad
537 3861 620 3925 gulae
637 3865 689 3910 crt-
733 3862 841 3911 ilermae
860 3860 1042 3926 triumphantis
1060 3860 1186 3909 ecciesiae
1204 3867 1273 3910 etra-

145 3945 224 3990 mea,
245 3934 272 3978 el
290 3934 409 3978 uentrem
428 3929 465 3979 ad
479 3931 563 3995 gulae
575 3933 688 3979 cometa·
732 3938 804 3979 ctara
823 3930 947 3979 divinitae
960 3929 1122 3991 ostenditur,
1141 3943 1212 3978 vocc.
1234 3928 1275 3977 Et

146 4004 218 4058 lem,
239 4003 267 4048 et
284 4013 380 4048 munera
394 3998 431 4048 ad
445 4001 514 4063 uim,
536 4005 565 4048 et
578 4013 688 4064 gressus
731 3998 807 4047 astaco
818 4000 973 4048 arcisellium
983 4001 1121 4063 positum,-
1142 4001 1205 4045 erat
1217 4010 1273 4044 cer·

145 4066 184 4119 ad
195 4082 295 4133 uagam
307 4070 402 4117 uitam.
731 4067 804 4115 oicai
821 4068 937 4128 linctum,
958 4072 986 4115 et
1004 4081 1086 4130 super
1099 4065 1210 4113 linteum
1225 4077 1273 4110 ca-

198 4135 257 4186 328.
278 4136 348 4185 linea
370 4131 464 4200 texta]
479 4134 549 4198 Quod
564 4133 689 4184 eiusmodi
729 4149 845 4199 paucum
871 4136 1045 4185 carbasinum
1068 4140 1120 4181 ela.
1153 4131 1273 4195 (iierrnnc

146 4203 220 4253 idaea
232 4209 315 4254 texta
334 4204 359 4252 in
377 4202 478 4251 deliciis
492 4210 623 4265 numerat,
643 4203 689 4252 lini
733 4201 803 4251 Paet.
818 4200 872 4252 vis.
890 4201 934 4263 ΙΙΙ,
951 4203 987 4265 Ι.)
1007 4207 1155 4268 apparatum
1172 4198 1272 4250 omnino

145 4285 219 4323 ιιιιιιιι
232 4273 297 4339 apad
312 4271 439 4323 Romanos
451 4286 499 4320 non
519 4270 601 4322 laicae
614 4270 689 4322 valdo
732 4271 863 4321 solennem
877 4270 1020 4321 declarant.
