<?xml version="1.0" encoding="UTF-8"?>
<!DOCTYPE html PUBLIC "-//W3C//DTD XHTML 1.0 Transitional//EN"
    "http://www.w3.org/TR/xhtml1/DTD/xhtml1-transitional.dtd">
<html xmlns="http://www.w3.org/1999/xhtml" xml:lang="en" lang="en">
 <head>
  <title>
</title>
<meta http-equiv="Content-Type" content="text/html;charset=utf-8" />
  <meta name='ocr-system' content='tesseract 3.04.00' />
  <meta name='ocr-capabilities' content='ocr_page ocr_carea ocr_par ocr_line ocrx_word'/>
</head>
<body>
  <div class='ocr_page' id='page_1' title='image "./quaeexstantcarm00dresgoog_0233.png"; bbox 0 0 2842 4808; ppageno 0'>
   <div class='ocr_carea' id='block_1_1' title="bbox 141 278 887 341">
    <p class='ocr_par' dir='ltr' id='par_1_1' title="bbox 141 278 887 341">
     <span class='ocr_line' id='line_1_1' title="bbox 141 278 887 341; baseline 0.004 -12"><span class='ocrx_word' id='word_1_1' title='bbox 141 278 200 341; x_wconf 80' lang='grc'><strong>156</strong></span> <span class='ocrx_word' id='word_1_2' title='bbox 496 280 572 332; x_wconf 78' lang='lat' dir='ltr'>Abit.</span> <span class='ocrx_word' id='word_1_3' title='bbox 586 279 770 335; x_wconf 79' lang='lat' dir='ltr'><strong>PRUDENTH</strong></span> <span class='ocrx_word' id='word_1_4' title='bbox 784 281 887 333; x_wconf 79' lang='lat' dir='ltr'>CLEM.</span> 
     </span>
    </p>
   </div>
   <div class='ocr_carea' id='block_1_2' title="bbox 139 472 1181 2938">
    <p class='ocr_par' dir='ltr' id='par_1_2' title="bbox 223 472 980 745">
     <span class='ocr_line' id='line_1_2' title="bbox 223 472 928 540; baseline 0.004 -6"><span class='ocrx_word' id='word_1_5' title='bbox 223 472 359 537; x_wconf 88' lang='lat' dir='ltr'>divinum</span> <span class='ocrx_word' id='word_1_6' title='bbox 377 476 471 540; x_wconf 91' lang='lat' dir='ltr'>decus</span> <span class='ocrx_word' id='word_1_7' title='bbox 487 482 614 539; x_wconf 89' lang='lat' dir='ltr'>aeterno</span> <span class='ocrx_word' id='word_1_8' title='bbox 629 479 786 539; x_wconf 89' lang='lat' dir='ltr'>servantis</span> <span class='ocrx_word' id='word_1_9' title='bbox 806 478 837 537; x_wconf 94' lang='lat' dir='ltr'>ln</span> <span class='ocrx_word' id='word_1_10' title='bbox 854 491 928 539; x_wconf 81' lang='lat' dir='ltr'>ore:</span> 
     </span>
     <span class='ocr_line' id='line_1_3' title="bbox 225 572 964 637; baseline 0.004 -5"><span class='ocrx_word' id='word_1_11' title='bbox 225 572 312 634; x_wconf 89' lang='lat' dir='ltr'>malit</span> <span class='ocrx_word' id='word_1_12' title='bbox 327 574 513 637; x_wconf 70' lang='lat' dir='ltr'>adulterium</span> <span class='ocrx_word' id='word_1_13' title='bbox 529 575 617 637; x_wconf 81' lang='lat' dir='ltr'>diluo</span> <span class='ocrx_word' id='word_1_14' title='bbox 633 578 665 637; x_wconf 90' lang='lat' dir='ltr'>ei</span> <span class='ocrx_word' id='word_1_15' title='bbox 679 589 715 636; x_wconf 91' lang='lat' dir='ltr'>se</span> <span class='ocrx_word' id='word_1_16' title='bbox 729 588 856 635; x_wconf 88' lang='lat' dir='ltr'>munere</span> <span class='ocrx_word' id='word_1_17' title='bbox 870 575 964 635; x_wconf 91' lang='lat' dir='ltr'>vllem</span> 
     </span>
     <span class='ocr_line' id='line_1_4' title="bbox 225 663 980 745; baseline 0.003 -19"><span class='ocrx_word' id='word_1_18' title='bbox 225 666 339 727; x_wconf 90' lang='lat' dir='ltr'>vendat</span> <span class='ocrx_word' id='word_1_19' title='bbox 355 669 528 730; x_wconf 72' lang='lat' dir='ltr'><strong>nocticolae</strong></span> <span class='ocrx_word' id='word_1_20' title='bbox 543 671 665 745; x_wconf 89' lang='lat' dir='ltr'>spurcis</span> <span class='ocrx_word' id='word_1_21' title='bbox 679 668 883 743; x_wconf 76' lang='lat' dir='ltr'><strong>conplexibus</strong></span> <span class='ocrx_word' id='word_1_22' title='bbox 899 663 980 742; x_wconf 92' lang='lat' dir='ltr'>lndl,</span> 
     </span>
    </p>

    <p class='ocr_par' dir='ltr' id='par_1_3' title="bbox 139 762 1030 935">
     <span class='ocr_line' id='line_1_5' title="bbox 139 762 902 841; baseline 0.008 -22"><span class='ocrx_word' id='word_1_23' title='bbox 139 771 190 820; x_wconf 81' lang='lat' dir='ltr'>ess</span> <span class='ocrx_word' id='word_1_24' title='bbox 224 768 388 838; x_wconf 86' lang='lat' dir='ltr'>aspernata</span> <span class='ocrx_word' id='word_1_25' title='bbox 403 762 461 826; x_wconf 87' lang='lat' dir='ltr'>Del</span> <span class='ocrx_word' id='word_1_26' title='bbox 478 765 580 827; x_wconf 85' lang='lat' dir='ltr'>lusam</span> <span class='ocrx_word' id='word_1_27' title='bbox 596 779 651 841; x_wconf 89' lang='lat' dir='ltr'>per</span> <span class='ocrx_word' id='word_1_28' title='bbox 666 766 799 841; x_wconf 84' lang='lat' dir='ltr'>virginis</span> <span class='ocrx_word' id='word_1_29' title='bbox 814 769 902 827; x_wconf 89' lang='lat' dir='ltr'>arius</span> 
     </span>
     <span class='ocr_line' id='line_1_6' title="bbox 224 858 1030 935; baseline 0 -17"><span class='ocrx_word' id='word_1_30' title='bbox 224 859 403 934; x_wconf 84' lang='lat' dir='ltr'>progeniem</span> <span class='ocrx_word' id='word_1_31' title='bbox 419 859 588 935; x_wconf 82' lang='lat' dir='ltr'>dulcesque</span> <span class='ocrx_word' id='word_1_32' title='bbox 603 874 718 921; x_wconf 90' lang='lat' dir='ltr'>vocans</span> <span class='ocrx_word' id='word_1_33' title='bbox 734 861 765 920; x_wconf 95' lang='lat' dir='ltr'>ln</span> <span class='ocrx_word' id='word_1_34' title='bbox 782 859 901 922; x_wconf 84' lang='lat' dir='ltr'>tomice</span> <span class='ocrx_word' id='word_1_35' title='bbox 917 858 1030 919; x_wconf 88' lang='lat' dir='ltr'>natosi</span> 
     </span>
    </p>

    <p class='ocr_par' dir='ltr' id='par_1_4' title="bbox 294 950 1040 1031">
     <span class='ocr_line' id='line_1_7' title="bbox 294 950 1040 1031; baseline -0.004 -14"><span class='ocrx_word' id='word_1_36' title='bbox 294 950 404 1017; x_wconf 79' lang='lat' dir='ltr'>Sentio</span> <span class='ocrx_word' id='word_1_37' title='bbox 420 969 511 1031; x_wconf 79' lang='lat' dir='ltr'>uuam</span> <span class='ocrx_word' id='word_1_38' title='bbox 527 960 635 1018; x_wconf 89' lang='lat' dir='ltr'>contra</span> <span class='ocrx_word' id='word_1_39' title='bbox 652 960 775 1017; x_wconf 88' lang='lat' dir='ltr'>moveat</span> <span class='ocrx_word' id='word_1_40' title='bbox 789 956 919 1031; x_wconf 91' lang='lat' dir='ltr'>pellacia</span> <span class='ocrx_word' id='word_1_41' title='bbox 935 953 1040 1015; x_wconf 83' lang='lat' dir='ltr'>litem:</span> 
     </span>
    </p>

    <p class='ocr_par' dir='ltr' id='par_1_5' title="bbox 225 1051 1028 1220">
     <span class='ocr_line' id='line_1_8' title="bbox 225 1051 1028 1128; baseline -0.002 -16"><span class='ocrx_word' id='word_1_42' title='bbox 225 1064 286 1126; x_wconf 80' lang='lat' dir='ltr'>ouo</span> <span class='ocrx_word' id='word_1_43' title='bbox 301 1051 393 1113; x_wconf 92' lang='lat' dir='ltr'>dente</span> <span class='ocrx_word' id='word_1_44' title='bbox 408 1054 550 1115; x_wconf 73' lang='lat' dir='ltr'>obnitens</span> <span class='ocrx_word' id='word_1_45' title='bbox 566 1054 691 1128; x_wconf 87' lang='lat' dir='ltr'>spinosa</span> <span class='ocrx_word' id='word_1_46' title='bbox 708 1053 881 1128; x_wconf 81' lang='lat' dir='ltr'>calumpnia</span> <span class='ocrx_word' id='word_1_47' title='bbox 898 1054 1028 1127; x_wconf 78' lang='lat' dir='ltr'>pugnet,</span> 
     </span>
     <span class='ocr_line' id='line_1_9' title="bbox 225 1144 951 1220; baseline 0 -16"><span class='ocrx_word' id='word_1_48' title='bbox 225 1157 344 1220; x_wconf 82' lang='lat' dir='ltr'>nosque</span> <span class='ocrx_word' id='word_1_49' title='bbox 359 1144 506 1207; x_wconf 87' lang='lat' dir='ltr'>lacessito</span> <span class='ocrx_word' id='word_1_50' title='bbox 521 1150 612 1207; x_wconf 87' lang='lat' dir='ltr'>vocet</span> <span class='ocrx_word' id='word_1_51' title='bbox 627 1148 664 1206; x_wconf 91' lang='lat' dir='ltr'>ad</span> <span class='ocrx_word' id='word_1_52' title='bbox 682 1146 848 1206; x_wconf 88' lang='lat' dir='ltr'>luctamina</span> <span class='ocrx_word' id='word_1_53' title='bbox 863 1158 951 1205; x_wconf 90' lang='lat' dir='ltr'>vero.</span> 
     </span>
    </p>

    <p class='ocr_par' dir='ltr' id='par_1_6' title="bbox 139 1236 1149 1411">
     <span class='ocr_line' id='line_1_10' title="bbox 139 1236 1149 1316; baseline 0 -19"><span class='ocrx_word' id='word_1_54' title='bbox 139 1248 189 1298; x_wconf 82' lang='lat' dir='ltr'>sto</span> <span class='ocrx_word' id='word_1_55' title='bbox 223 1237 258 1304; x_wconf 90' lang='lat' dir='ltr'>si</span> <span class='ocrx_word' id='word_1_56' title='bbox 274 1255 334 1302; x_wconf 95' lang='lat' dir='ltr'>non</span> <span class='ocrx_word' id='word_1_57' title='bbox 351 1242 419 1304; x_wconf 90' lang='lat' dir='ltr'>vult</span> <span class='ocrx_word' id='word_1_58' title='bbox 433 1240 519 1304; x_wconf 78' lang='lat' dir='ltr'>Deris</span> <span class='ocrx_word' id='word_1_59' title='bbox 535 1257 605 1304; x_wconf 90' lang='lat' dir='ltr'>esse</span> <span class='ocrx_word' id='word_1_60' title='bbox 621 1241 748 1316; x_wconf 91' lang='lat' dir='ltr'>malurn,</span> <span class='ocrx_word' id='word_1_61' title='bbox 765 1254 823 1302; x_wconf 93' lang='lat' dir='ltr'>cur</span> <span class='ocrx_word' id='word_1_62' title='bbox 839 1255 898 1300; x_wconf 97' lang='lat' dir='ltr'>non</span> <span class='ocrx_word' id='word_1_63' title='bbox 915 1236 1021 1299; x_wconf 85' lang='lat' dir='ltr'>velati</span> <span class='ocrx_word' id='word_1_64' title='bbox 1036 1237 1149 1313; x_wconf 85' lang='lat' dir='ltr'>lupuli.</span> 
     </span>
     <span class='ocr_line' id='line_1_11' title="bbox 223 1329 999 1411; baseline -0.003 -18"><span class='ocrx_word' id='word_1_65' title='bbox 223 1329 279 1394; x_wconf 91' lang='lat' dir='ltr'>Nil</span> <span class='ocrx_word' id='word_1_66' title='bbox 295 1336 403 1410; x_wconf 87' lang='lat' dir='ltr'>reteri,</span> <span class='ocrx_word' id='word_1_67' title='bbox 422 1340 532 1397; x_wconf 88' lang='lat' dir='ltr'>auctor</span> <span class='ocrx_word' id='word_1_68' title='bbox 548 1336 643 1397; x_wconf 79' lang='lat' dir='ltr'>buerit</span> <span class='ocrx_word' id='word_1_69' title='bbox 659 1335 819 1411; x_wconf 82' lang='lat' dir='ltr'>laetorque</span> <span class='ocrx_word' id='word_1_70' title='bbox 836 1333 999 1405; x_wconf 88' lang='lat' dir='ltr'>malorum,</span> 
     </span>
    </p>

    <p class='ocr_par' dir='ltr' id='par_1_7' title="bbox 143 1426 1068 1695">
     <span class='ocr_line' id='line_1_12' title="bbox 143 1426 1043 1506; baseline 0.001 -19"><span class='ocrx_word' id='word_1_71' title='bbox 143 1451 145 1463; x_wconf 93' lang='lat'><em>·</em></span> <span class='ocrx_word' id='word_1_72' title='bbox 224 1442 306 1490; x_wconf 89' lang='lat' dir='ltr'>anne</span> <span class='ocrx_word' id='word_1_73' title='bbox 320 1444 414 1504; x_wconf 90' lang='lat' dir='ltr'>opera</span> <span class='ocrx_word' id='word_1_74' title='bbox 429 1431 461 1491; x_wconf 91' lang='lat' dir='ltr'>ln</span> <span class='ocrx_word' id='word_1_75' title='bbox 477 1432 588 1493; x_wconf 90' lang='lat' dir='ltr'>vllium</span> <span class='ocrx_word' id='word_1_76' title='bbox 604 1431 734 1492; x_wconf 90' lang='lat' dir='ltr'>sceleris</span> <span class='ocrx_word' id='word_1_77' title='bbox 749 1429 936 1506; x_wconf 89' lang='lat' dir='ltr'>pulcerrima</span> <span class='ocrx_word' id='word_1_78' title='bbox 950 1426 1043 1500; x_wconf 86' lang='lat' dir='ltr'>verli,</span> 
     </span>
     <span class='ocr_line' id='line_1_13' title="bbox 225 1522 1060 1602; baseline 0.001 -20"><span class='ocrx_word' id='word_1_79' title='bbox 225 1536 295 1584; x_wconf 92' lang='lat' dir='ltr'>cum</span> <span class='ocrx_word' id='word_1_80' title='bbox 311 1526 410 1599; x_wconf 81' lang='lat' dir='ltr'>possit</span> <span class='ocrx_word' id='word_1_81' title='bbox 425 1527 597 1602; x_wconf 91' lang='lat' dir='ltr'>probibere,</span> <span class='ocrx_word' id='word_1_82' title='bbox 615 1527 715 1588; x_wconf 84' lang='lat' dir='ltr'>sinat:</span> <span class='ocrx_word' id='word_1_83' title='bbox 734 1527 786 1601; x_wconf 82' lang='lat' dir='ltr'>oui</span> <span class='ocrx_word' id='word_1_84' title='bbox 802 1527 828 1586; x_wconf 92' lang='lat' dir='ltr'>sl</span> <span class='ocrx_word' id='word_1_85' title='bbox 846 1522 933 1598; x_wconf 87' lang='lat' dir='ltr'>velit,</span> <span class='ocrx_word' id='word_1_86' title='bbox 952 1534 1060 1583; x_wconf 89' lang='lat' dir='ltr'>omnes</span> 
     </span>
     <span class='ocr_line' id='line_1_14' title="bbox 226 1614 1068 1695; baseline 0.006 -21"><span class='ocrx_word' id='word_1_87' title='bbox 226 1614 376 1678; x_wconf 92' lang='lat' dir='ltr'>innocuos</span> <span class='ocrx_word' id='word_1_88' title='bbox 392 1631 486 1693; x_wconf 82' lang='lat' dir='ltr'>agere</span> <span class='ocrx_word' id='word_1_89' title='bbox 501 1619 707 1695; x_wconf 90' lang='lat' dir='ltr'>omnipotens,</span> <span class='ocrx_word' id='word_1_90' title='bbox 726 1633 783 1679; x_wconf 90' lang='lat' dir='ltr'>nec</span> <span class='ocrx_word' id='word_1_91' title='bbox 797 1621 906 1679; x_wconf 86' lang='lat' dir='ltr'>sancta</span> <span class='ocrx_word' id='word_1_92' title='bbox 921 1618 1068 1679; x_wconf 84' lang='lat' dir='ltr'>voluntas</span> 
     </span>
    </p>

    <p class='ocr_par' dir='ltr' id='par_1_8' title="bbox 140 1711 1158 2171">
     <span class='ocr_line' id='line_1_15' title="bbox 140 1711 1000 1788; baseline 0.005 -19"><span class='ocrx_word' id='word_1_93' title='bbox 140 1722 190 1771; x_wconf 74' lang='lat' dir='ltr'>crs</span> <span class='ocrx_word' id='word_1_94' title='bbox 224 1711 401 1788; x_wconf 82' lang='lat' dir='ltr'>degeneret,</span> <span class='ocrx_word' id='word_1_95' title='bbox 420 1713 504 1773; x_wconf 85' lang='lat' dir='ltr'>iacto</span> <span class='ocrx_word' id='word_1_96' title='bbox 519 1728 576 1774; x_wconf 91' lang='lat' dir='ltr'>nec</span> <span class='ocrx_word' id='word_1_97' title='bbox 591 1728 626 1775; x_wconf 91' lang='lat' dir='ltr'>se</span> <span class='ocrx_word' id='word_1_98' title='bbox 642 1726 752 1774; x_wconf 89' lang='lat' dir='ltr'>manus</span> <span class='ocrx_word' id='word_1_99' title='bbox 767 1713 910 1788; x_wconf 81' lang='lat' dir='ltr'>inquinet</span> <span class='ocrx_word' id='word_1_100' title='bbox 923 1713 1000 1775; x_wconf 95' lang='lat' dir='ltr'>ullo.</span> 
     </span>
     <span class='ocr_line' id='line_1_16' title="bbox 226 1800 1158 1884; baseline 0 -16"><span class='ocrx_word' id='word_1_101' title='bbox 226 1800 374 1868; x_wconf 89' lang='lat' dir='ltr'>Condidit</span> <span class='ocrx_word' id='word_1_102' title='bbox 388 1822 464 1884; x_wconf 83' lang='lat' dir='ltr'>ergo</span> <span class='ocrx_word' id='word_1_103' title='bbox 481 1807 595 1869; x_wconf 88' lang='lat' dir='ltr'>malum</span> <span class='ocrx_word' id='word_1_104' title='bbox 612 1805 776 1882; x_wconf 83' lang='lat' dir='ltr'>Dominus,</span> <span class='ocrx_word' id='word_1_105' title='bbox 794 1809 875 1883; x_wconf 83' lang='lat' dir='ltr'>quod</span> <span class='ocrx_word' id='word_1_106' title='bbox 890 1810 1012 1884; x_wconf 87' lang='lat' dir='ltr'>spectat</span> <span class='ocrx_word' id='word_1_107' title='bbox 1026 1806 1066 1868; x_wconf 79' lang='lat' dir='ltr'>ab</span> <span class='ocrx_word' id='word_1_108' title='bbox 1081 1806 1158 1883; x_wconf 89' lang='lat' dir='ltr'>alto,</span> 
     </span>
     <span class='ocr_line' id='line_1_17' title="bbox 225 1903 1067 1981; baseline 0.002 -19"><span class='ocrx_word' id='word_1_109' title='bbox 225 1905 256 1962; x_wconf 89' lang='lat' dir='ltr'>et</span> <span class='ocrx_word' id='word_1_110' title='bbox 271 1904 390 1978; x_wconf 88' lang='lat' dir='ltr'>patitur</span> <span class='ocrx_word' id='word_1_111' title='bbox 403 1906 534 1981; x_wconf 79' lang='lat' dir='ltr'>denique</span> <span class='ocrx_word' id='word_1_112' title='bbox 548 1906 669 1981; x_wconf 85' lang='lat' dir='ltr'>probat,</span> <span class='ocrx_word' id='word_1_113' title='bbox 686 1908 835 1979; x_wconf 79' lang='lat' dir='ltr'>tanquam</span> <span class='ocrx_word' id='word_1_114' title='bbox 851 1907 918 1980; x_wconf 84' lang='lat' dir='ltr'>ipse</span> <span class='ocrx_word' id='word_1_115' title='bbox 932 1903 1067 1966; x_wconf 85' lang='lat' dir='ltr'>crearit:</span> 
     </span>
     <span class='ocr_line' id='line_1_18' title="bbox 226 2000 1040 2078; baseline 0.004 -19"><span class='ocrx_word' id='word_1_116' title='bbox 226 2000 293 2074; x_wconf 89' lang='lat' dir='ltr'>ipse</span> <span class='ocrx_word' id='word_1_117' title='bbox 308 2002 427 2063; x_wconf 89' lang='lat' dir='ltr'>creavit</span> <span class='ocrx_word' id='word_1_118' title='bbox 441 2003 536 2072; x_wconf 91' lang='lat' dir='ltr'>enlm,</span> <span class='ocrx_word' id='word_1_119' title='bbox 554 2001 635 2078; x_wconf 85' lang='lat' dir='ltr'>quod</span> <span class='ocrx_word' id='word_1_120' title='bbox 652 2015 723 2062; x_wconf 94' lang='lat' dir='ltr'>cum</span> <span class='ocrx_word' id='word_1_121' title='bbox 740 2001 914 2062; x_wconf 79' lang='lat' dir='ltr'>discludere</span> <span class='ocrx_word' id='word_1_122' title='bbox 928 2001 1040 2077; x_wconf 88' lang='lat' dir='ltr'>possit,</span> 
     </span>
     <span class='ocr_line' id='line_1_19' title="bbox 225 2094 946 2171; baseline 0.006 -18"><span class='ocrx_word' id='word_1_123' title='bbox 225 2108 287 2154; x_wconf 92' lang='lat' dir='ltr'>non</span> <span class='ocrx_word' id='word_1_124' title='bbox 303 2094 406 2155; x_wconf 87' lang='lat' dir='ltr'>abolet</span> <span class='ocrx_word' id='word_1_125' title='bbox 421 2096 576 2171; x_wconf 85' lang='lat' dir='ltr'>longoque</span> <span class='ocrx_word' id='word_1_126' title='bbox 592 2096 670 2156; x_wconf 90' lang='lat' dir='ltr'>sinit</span> <span class='ocrx_word' id='word_1_127' title='bbox 683 2096 860 2171; x_wconf 85' lang='lat' dir='ltr'>grassarier</span> <span class='ocrx_word' id='word_1_128' title='bbox 874 2110 946 2157; x_wconf 87' lang='lat' dir='ltr'>usu.</span> 
     </span>
    </p>

    <p class='ocr_par' dir='ltr' id='par_1_9' title="bbox 141 2186 1181 2659">
     <span class='ocr_line' id='line_1_20' title="bbox 141 2186 1181 2266; baseline 0.004 -19"><span class='ocrx_word' id='word_1_129' title='bbox 141 2197 191 2248; x_wconf 84' lang='lat' dir='ltr'>oso</span> <span class='ocrx_word' id='word_1_130' title='bbox 289 2186 429 2266; x_wconf 85' lang='lat' dir='ltr'>llampna</span> <span class='ocrx_word' id='word_1_131' title='bbox 441 2205 545 2263; x_wconf 90' lang='lat' dir='ltr'>aures,</span> <span class='ocrx_word' id='word_1_132' title='bbox 559 2189 757 2266; x_wconf 81' lang='lat' dir='ltr'>Poteratne,</span> <span class='ocrx_word' id='word_1_133' title='bbox 777 2206 873 2266; x_wconf 87' lang='lat' dir='ltr'>meas,</span> <span class='ocrx_word' id='word_1_134' title='bbox 891 2196 922 2253; x_wconf 93' lang='lat' dir='ltr'>et</span> <span class='ocrx_word' id='word_1_135' title='bbox 934 2190 1043 2254; x_wconf 86' lang='lat' dir='ltr'>claude</span> <span class='ocrx_word' id='word_1_136' title='bbox 1058 2193 1181 2252; x_wconf 90' lang='lat' dir='ltr'>meatus</span> 
     </span>
     <span class='ocr_line' id='line_1_21' title="bbox 226 2286 892 2363; baseline 0.005 -18"><span class='ocrx_word' id='word_1_137' title='bbox 226 2286 475 2348; x_wconf 81' lang='lat' dir='ltr'>obbrutescentis</span> <span class='ocrx_word' id='word_1_138' title='bbox 490 2287 614 2363; x_wconf 87' lang='lat' dir='ltr'>capitis,</span> <span class='ocrx_word' id='word_1_139' title='bbox 633 2301 672 2348; x_wconf 92' lang='lat' dir='ltr'>ne</span> <span class='ocrx_word' id='word_1_140' title='bbox 689 2287 795 2363; x_wconf 87' lang='lat' dir='ltr'>pervia</span> <span class='ocrx_word' id='word_1_141' title='bbox 811 2288 892 2348; x_wconf 90' lang='lat' dir='ltr'>tales</span> 
     </span>
     <span class='ocr_line' id='line_1_22' title="bbox 225 2383 949 2460; baseline 0.006 -20"><span class='ocrx_word' id='word_1_142' title='bbox 225 2383 378 2458; x_wconf 86' lang='lat' dir='ltr'>concipiat</span> <span class='ocrx_word' id='word_1_143' title='bbox 395 2383 513 2446; x_wconf 78' lang='lat' dir='ltr'>barura</span> <span class='ocrx_word' id='word_1_144' title='bbox 529 2398 643 2445; x_wconf 82' lang='lat' dir='ltr'>sonos:</span> <span class='ocrx_word' id='word_1_145' title='bbox 662 2387 711 2445; x_wconf 89' lang='lat' dir='ltr'>est</span> <span class='ocrx_word' id='word_1_146' title='bbox 725 2384 855 2460; x_wconf 88' lang='lat' dir='ltr'>perdere</span> <span class='ocrx_word' id='word_1_147' title='bbox 869 2384 949 2446; x_wconf 87' lang='lat' dir='ltr'>tanti</span> 
     </span>
     <span class='ocr_line' id='line_1_23' title="bbox 228 2478 957 2555; baseline 0.001 -18"><span class='ocrx_word' id='word_1_148' title='bbox 228 2478 401 2540; x_wconf 84' lang='lat' dir='ltr'>extinctum</span> <span class='ocrx_word' id='word_1_149' title='bbox 417 2478 502 2539; x_wconf 88' lang='lat' dir='ltr'>vitae</span> <span class='ocrx_word' id='word_1_150' title='bbox 517 2479 654 2541; x_wconf 89' lang='lat' dir='ltr'>oillclum</span> <span class='ocrx_word' id='word_1_151' title='bbox 671 2478 709 2539; x_wconf 91' lang='lat' dir='ltr'>de</span> <span class='ocrx_word' id='word_1_152' title='bbox 724 2481 812 2555; x_wconf 88' lang='lat' dir='ltr'>parte</span> <span class='ocrx_word' id='word_1_153' title='bbox 827 2479 957 2540; x_wconf 86' lang='lat' dir='ltr'>cerebri.</span> 
     </span>
     <span class='ocr_line' id='line_1_24' title="bbox 226 2569 1077 2659; baseline -0.002 -24"><span class='ocrx_word' id='word_1_154' title='bbox 226 2569 387 2637; x_wconf 86' lang='lat' dir='ltr'>inmunem</span> <span class='ocrx_word' id='word_1_155' title='bbox 404 2575 493 2637; x_wconf 91' lang='lat' dir='ltr'>modo</span> <span class='ocrx_word' id='word_1_156' title='bbox 509 2591 580 2638; x_wconf 89' lang='lat' dir='ltr'>sese</span> <span class='ocrx_word' id='word_1_157' title='bbox 594 2576 699 2637; x_wconf 86' lang='lat' dir='ltr'>anima</span> <span class='ocrx_word' id='word_1_158' title='bbox 715 2579 937 2651; x_wconf 82' lang='lat' dir='ltr'>expertemque</span> <span class='ocrx_word' id='word_1_159' title='bbox 952 2572 1077 2659; x_wconf 84' lang='lat' dir='ltr'>neiandi</span> 
     </span>
    </p>

    <p class='ocr_par' dir='ltr' id='par_1_10' title="bbox 141 2671 997 2938">
     <span class='ocr_line' id='line_1_25' title="bbox 141 2671 910 2733; baseline 0.001 -4"><span class='ocrx_word' id='word_1_160' title='bbox 141 2680 190 2731; x_wconf 79' lang='lat' dir='ltr'>ess</span> <span class='ocrx_word' id='word_1_161' title='bbox 224 2672 349 2733; x_wconf 88' lang='lat' dir='ltr'>auditus</span> <span class='ocrx_word' id='word_1_162' title='bbox 365 2671 442 2733; x_wconf 83' lang='lat' dir='ltr'>iellx</span> <span class='ocrx_word' id='word_1_163' title='bbox 458 2672 571 2733; x_wconf 91' lang='lat' dir='ltr'>stolida</span> <span class='ocrx_word' id='word_1_164' title='bbox 587 2674 753 2733; x_wconf 85' lang='lat' dir='ltr'>conservet</span> <span class='ocrx_word' id='word_1_165' title='bbox 768 2672 806 2731; x_wconf 92' lang='lat' dir='ltr'>ab</span> <span class='ocrx_word' id='word_1_166' title='bbox 822 2684 910 2732; x_wconf 84' lang='lat' dir='ltr'>sure.</span> 
     </span>
     <span class='ocr_line' id='line_1_26' title="bbox 226 2761 997 2844; baseline -0.005 -17"><span class='ocrx_word' id='word_1_167' title='bbox 226 2761 306 2844; x_wconf 84' lang='lat' dir='ltr'>Quis</span> <span class='ocrx_word' id='word_1_168' title='bbox 323 2768 404 2829; x_wconf 89' lang='lat' dir='ltr'>ierat</span> <span class='ocrx_word' id='word_1_169' title='bbox 419 2769 495 2829; x_wconf 88' lang='lat' dir='ltr'>baec</span> <span class='ocrx_word' id='word_1_170' title='bbox 511 2768 623 2828; x_wconf 87' lang='lat' dir='ltr'>inlecta</span> <span class='ocrx_word' id='word_1_171' title='bbox 642 2763 708 2828; x_wconf 89' lang='lat' dir='ltr'>ileo</span> <span class='ocrx_word' id='word_1_172' title='bbox 724 2767 875 2841; x_wconf 88' lang='lat' dir='ltr'>convicia,</span> <span class='ocrx_word' id='word_1_173' title='bbox 893 2764 945 2839; x_wconf 83' lang='lat' dir='ltr'>nul</span> <span class='ocrx_word' id='word_1_174' title='bbox 963 2777 997 2823; x_wconf 91' lang='lat' dir='ltr'>se</span> 
     </span>
     <span class='ocr_line' id='line_1_27' title="bbox 226 2862 912 2938; baseline 0 -16"><span class='ocrx_word' id='word_1_175' title='bbox 226 2862 339 2923; x_wconf 89' lang='lat' dir='ltr'>divinis</span> <span class='ocrx_word' id='word_1_176' title='bbox 355 2863 497 2924; x_wconf 89' lang='lat' dir='ltr'>meminit</span> <span class='ocrx_word' id='word_1_177' title='bbox 511 2863 701 2938; x_wconf 88' lang='lat' dir='ltr'>praecellere</span> <span class='ocrx_word' id='word_1_178' title='bbox 716 2862 912 2923; x_wconf 89' lang='lat' dir='ltr'>nobilitatum</span> 
     </span>
    </p>
   </div>
   <div class='ocr_carea' id='block_1_3' title="bbox 138 3021 1265 4047">
    <p class='ocr_par' dir='ltr' id='par_1_11' title="bbox 141 3021 1258 3165">
     <span class='ocr_line' id='line_1_28' title="bbox 211 3021 1258 3098; baseline -0.002 -19"><span class='ocrx_word' id='word_1_179' title='bbox 211 3031 269 3080; x_wconf 79' lang='lat'>633.</span> <span class='ocrx_word' id='word_1_180' title='bbox 292 3032 527 3098; x_wconf 72' lang='lat' dir='ltr'>Matist831otvo</span> <span class='ocrx_word' id='word_1_181' title='bbox 539 3031 560 3084; x_wconf 87' lang='grc' dir='ltr'><strong>Τ</strong></span> <span class='ocrx_word' id='word_1_182' title='bbox 574 3032 631 3083; x_wconf 83' lang='lat' dir='ltr'>Pul.</span> <span class='ocrx_word' id='word_1_183' title='bbox 646 3031 746 3084; x_wconf 77' lang='lat' dir='ltr'>Weiss.</span> <span class='ocrx_word' id='word_1_184' title='bbox 760 3049 804 3083; x_wconf 76' lang='grc' dir='ltr'>αι</span> <span class='ocrx_word' id='word_1_185' title='bbox 819 3032 907 3083; x_wconf 82' lang='lat' dir='ltr'>Heius.</span> <span class='ocrx_word' id='word_1_186' title='bbox 921 3030 986 3082; x_wconf 81' lang='lat' dir='ltr'>cdi.</span> <span class='ocrx_word' id='word_1_187' title='bbox 1002 3029 1097 3091; x_wconf 58' lang='lat' dir='ltr'>Arei„</span> <span class='ocrx_word' id='word_1_188' title='bbox 1108 3030 1199 3091; x_wconf 82' lang='lat' dir='ltr'>suroo</span> <span class='ocrx_word' id='word_1_189' title='bbox 1211 3021 1258 3078; x_wconf 85' lang='lat' dir='ltr'>lili</span> 
     </span>
     <span class='ocr_line' id='line_1_29' title="bbox 141 3096 1161 3165; baseline -0.003 -15"><span class='ocrx_word' id='word_1_190' title='bbox 141 3116 163 3150; x_wconf 93' lang='lat' dir='ltr'>m</span> <span class='ocrx_word' id='word_1_191' title='bbox 178 3117 193 3150; x_wconf 90' lang='lat' dir='ltr'>u</span> <span class='ocrx_word' id='word_1_192' title='bbox 208 3100 264 3149; x_wconf 79' lang='lat' dir='ltr'>nid.</span> <span class='ocrx_word' id='word_1_193' title='bbox 282 3101 363 3165; x_wconf 66' lang='lat' dir='ltr'>uugi.</span> <span class='ocrx_word' id='word_1_194' title='bbox 378 3100 448 3152; x_wconf 74' lang='lat' dir='ltr'>sisu.</span> <span class='ocrx_word' id='word_1_195' title='bbox 460 3109 512 3152; x_wconf 82' lang='lat' dir='ltr'>tres</span> <span class='ocrx_word' id='word_1_196' title='bbox 525 3100 600 3153; x_wconf 74' lang='lat' dir='ltr'>Febr.</span> <span class='ocrx_word' id='word_1_197' title='bbox 616 3101 672 3153; x_wconf 85' lang='lat' dir='ltr'>Gis.</span> <span class='ocrx_word' id='word_1_198' title='bbox 685 3100 783 3152; x_wconf 82' lang='lat' dir='ltr'>Weiiz.</span> <span class='ocrx_word' id='word_1_199' title='bbox 797 3101 872 3151; x_wconf 86' lang='lat' dir='ltr'>Cbor.</span> <span class='ocrx_word' id='word_1_200' title='bbox 889 3100 971 3150; x_wconf 82' lang='lat' dir='ltr'>Paeti.</span> <span class='ocrx_word' id='word_1_201' title='bbox 986 3100 1080 3149; x_wconf 62' lang='lat' dir='ltr'>Amaia</span> <span class='ocrx_word' id='word_1_202' title='bbox 1096 3096 1161 3148; x_wconf 84' lang='lat' dir='ltr'>libb.</span> 
     </span>
    </p>

    <p class='ocr_par' dir='ltr' id='par_1_12' title="bbox 138 3164 1263 3720">
     <span class='ocr_line' id='line_1_30' title="bbox 221 3164 1258 3237; baseline -0.005 -19"><span class='ocrx_word' id='word_1_203' title='bbox 221 3170 280 3219; x_wconf 82' lang='lat'>6³7.</span> <span class='ocrx_word' id='word_1_204' title='bbox 301 3186 379 3236; x_wconf 81' lang='lat' dir='ltr'>quem</span> <span class='ocrx_word' id='word_1_205' title='bbox 402 3186 479 3237; x_wconf 83' lang='lat' dir='ltr'>supra</span> <span class='ocrx_word' id='word_1_206' title='bbox 491 3171 504 3221; x_wconf 87' lang='lat' dir='ltr'>i</span> <span class='ocrx_word' id='word_1_207' title='bbox 514 3186 531 3220; x_wconf 87' lang='lat' dir='ltr'>o</span> <span class='ocrx_word' id='word_1_208' title='bbox 544 3186 577 3221; x_wconf 86' lang='lat' dir='ltr'>m.</span> <span class='ocrx_word' id='word_1_209' title='bbox 699 3169 759 3220; x_wconf 81' lang='grc'><strong>638.</strong></span> <span class='ocrx_word' id='word_1_210' title='bbox 781 3169 927 3234; x_wconf 71' lang='lat' dir='ltr'>Quodnisi.</span> <span class='ocrx_word' id='word_1_211' title='bbox 942 3167 1040 3233; x_wconf 58' lang='grc' dir='ltr'>[ηὼς</span> <span class='ocrx_word' id='word_1_212' title='bbox 1059 3168 1149 3217; x_wconf 77' lang='lat' dir='ltr'>niteas</span> <span class='ocrx_word' id='word_1_213' title='bbox 1164 3168 1175 3217; x_wconf 94' lang='lat' dir='ltr'>i</span> <span class='ocrx_word' id='word_1_214' title='bbox 1189 3164 1258 3221; x_wconf 55' lang='lat' dir='ltr'>Reid</span> 
     </span>
     <span class='ocr_line' id='line_1_31' title="bbox 138 3233 1260 3305; baseline -0.008 -17"><span class='ocrx_word' id='word_1_215' title='bbox 138 3243 242 3305; x_wconf 77' lang='lat' dir='ltr'>porget</span> <span class='ocrx_word' id='word_1_216' title='bbox 255 3239 264 3288; x_wconf 94' lang='lat' dir='ltr'>l</span> <span class='ocrx_word' id='word_1_217' title='bbox 275 3254 307 3302; x_wconf 70' lang='lat' dir='ltr'>a,</span> <span class='ocrx_word' id='word_1_218' title='bbox 327 3247 397 3290; x_wconf 80' lang='lat' dir='ltr'>extet</span> <span class='ocrx_word' id='word_1_219' title='bbox 410 3240 553 3291; x_wconf 76' lang='lat' dir='ltr'>hievernus</span> <span class='ocrx_word' id='word_1_220' title='bbox 566 3239 596 3289; x_wconf 83' lang='lat' dir='ltr'>ad</span> <span class='ocrx_word' id='word_1_221' title='bbox 610 3253 679 3288; x_wconf 76' lang='lat' dir='ltr'>oram</span> <span class='ocrx_word' id='word_1_222' title='bbox 694 3238 720 3288; x_wconf 87' lang='lat' dir='ltr'>in</span> <span class='ocrx_word' id='word_1_223' title='bbox 733 3255 761 3287; x_wconf 81' lang='lat' dir='ltr'>o.</span> <span class='ocrx_word' id='word_1_224' title='bbox 872 3238 931 3288; x_wconf 82' lang='lat' dir='ltr'>oio.</span> <span class='ocrx_word' id='word_1_225' title='bbox 950 3239 1039 3303; x_wconf 70' lang='lat' dir='ltr'>inquis</span> <span class='ocrx_word' id='word_1_226' title='bbox 1053 3236 1071 3286; x_wconf 82' lang='lat' dir='ltr'>it</span> <span class='ocrx_word' id='word_1_227' title='bbox 1084 3233 1160 3299; x_wconf 70' lang='lat' dir='ltr'>Prag.</span> <span class='ocrx_word' id='word_1_228' title='bbox 1175 3233 1233 3285; x_wconf 78' lang='lat' dir='ltr'>Rei.</span> <span class='ocrx_word' id='word_1_229' title='bbox 1246 3245 1260 3279; x_wconf 77' lang='lat' dir='ltr'>a</span> 
     </span>
     <span class='ocr_line' id='line_1_32' title="bbox 142 3301 1258 3371; baseline -0.007 -14"><span class='ocrx_word' id='word_1_230' title='bbox 142 3324 155 3357; x_wconf 87' lang='lat' dir='ltr'>o</span> <span class='ocrx_word' id='word_1_231' title='bbox 170 3325 193 3360; x_wconf 87' lang='lat' dir='ltr'>m</span> <span class='ocrx_word' id='word_1_232' title='bbox 208 3308 276 3358; x_wconf 88' lang='lat' dir='ltr'>Sicb.</span> <span class='ocrx_word' id='word_1_233' title='bbox 286 3317 339 3359; x_wconf 89' lang='lat' dir='ltr'>tres</span> <span class='ocrx_word' id='word_1_234' title='bbox 353 3308 429 3359; x_wconf 77' lang='lat' dir='ltr'>Febr.</span> <span class='ocrx_word' id='word_1_235' title='bbox 444 3306 501 3360; x_wconf 83' lang='lat' dir='ltr'>Gis.</span> <span class='ocrx_word' id='word_1_236' title='bbox 515 3309 589 3359; x_wconf 83' lang='lat' dir='ltr'>Cbor.</span> <span class='ocrx_word' id='word_1_237' title='bbox 606 3308 688 3359; x_wconf 79' lang='lat' dir='ltr'>Poclt.</span> <span class='ocrx_word' id='word_1_238' title='bbox 700 3309 795 3359; x_wconf 76' lang='lat' dir='ltr'>Amsir.</span> <span class='ocrx_word' id='word_1_239' title='bbox 808 3308 886 3358; x_wconf 78' lang='lat' dir='ltr'>Arev.</span> <span class='ocrx_word' id='word_1_240' title='bbox 992 3307 1051 3356; x_wconf 84' lang='lat' dir='ltr'>bil.</span> <span class='ocrx_word' id='word_1_241' title='bbox 1064 3306 1196 3371; x_wconf 79' lang='lat' dir='ltr'>socioroe</span> <span class='ocrx_word' id='word_1_242' title='bbox 1210 3301 1258 3352; x_wconf 82' lang='lat' dir='ltr'>Gis.</span> 
     </span>
     <span class='ocr_line' id='line_1_33' title="bbox 142 3370 1261 3445; baseline -0.008 -16"><span class='ocrx_word' id='word_1_243' title='bbox 142 3380 247 3440; x_wconf 64' lang='lat' dir='ltr'>rimato,</span> <span class='ocrx_word' id='word_1_244' title='bbox 259 3379 414 3445; x_wconf 80' lang='lat' dir='ltr'>saniorque</span> <span class='ocrx_word' id='word_1_245' title='bbox 429 3377 447 3428; x_wconf 87' lang='grc'>11</span> <span class='ocrx_word' id='word_1_246' title='bbox 461 3396 479 3427; x_wconf 84' lang='grc' dir='ltr'><strong><em>α</em></strong></span> <span class='ocrx_word' id='word_1_247' title='bbox 493 3382 581 3439; x_wconf 71' lang='lat' dir='ltr'>dcem,</span> <span class='ocrx_word' id='word_1_248' title='bbox 592 3377 727 3441; x_wconf 64' lang='lat' dir='ltr'>,fautores</span> <span class='ocrx_word' id='word_1_249' title='bbox 739 3376 797 3427; x_wconf 87' lang='lat' dir='ltr'>eod.</span> <span class='ocrx_word' id='word_1_250' title='bbox 812 3377 906 3428; x_wconf 84' lang='lat' dir='ltr'>Caucb.</span> <span class='ocrx_word' id='word_1_251' title='bbox 922 3374 987 3427; x_wconf 83' lang='lat' dir='ltr'>cell.</span> <span class='ocrx_word' id='word_1_252' title='bbox 1105 3374 1166 3424; x_wconf 78' lang='lat' dir='ltr'>ets.</span> <span class='ocrx_word' id='word_1_253' title='bbox 1186 3374 1234 3437; x_wconf 81' lang='lat' dir='ltr'>qui</span> <span class='ocrx_word' id='word_1_254' title='bbox 1243 3370 1261 3419; x_wconf 82' lang='lat' dir='ltr'>i</span> 
     </span>
     <span class='ocr_line' id='line_1_34' title="bbox 143 3439 1262 3509; baseline -0.006 -12"><span class='ocrx_word' id='word_1_255' title='bbox 143 3446 163 3497; x_wconf 80' lang='lat' dir='ltr'><strong>E</strong></span> <span class='ocrx_word' id='word_1_256' title='bbox 178 3446 196 3497; x_wconf 90' lang='lat' dir='ltr'>P</span> <span class='ocrx_word' id='word_1_257' title='bbox 211 3445 230 3496; x_wconf 86' lang='lat' dir='ltr'>R</span> <span class='ocrx_word' id='word_1_258' title='bbox 244 3446 301 3498; x_wconf 84' lang='lat' dir='ltr'>Pul.</span> <span class='ocrx_word' id='word_1_259' title='bbox 315 3445 391 3497; x_wconf 66' lang='lat' dir='ltr'>&#39;iure</span> <span class='ocrx_word' id='word_1_260' title='bbox 407 3464 453 3496; x_wconf 75' lang='lat' dir='ltr'>ctu</span> <span class='ocrx_word' id='word_1_261' title='bbox 472 3448 529 3498; x_wconf 80' lang='lat' dir='ltr'>dit.</span> <span class='ocrx_word' id='word_1_262' title='bbox 545 3446 625 3509; x_wconf 74' lang='lat' dir='ltr'>uugi.</span> <span class='ocrx_word' id='word_1_263' title='bbox 643 3445 727 3497; x_wconf 85' lang='lat' dir='ltr'>licius.</span> <span class='ocrx_word' id='word_1_264' title='bbox 751 3445 817 3496; x_wconf 84' lang='lat' dir='ltr'>Cell.</span> <span class='ocrx_word' id='word_1_265' title='bbox 833 3450 909 3497; x_wconf 77' lang='lat' dir='ltr'>Acer.</span> <span class='ocrx_word' id='word_1_266' title='bbox 925 3444 1007 3507; x_wconf 62' lang='lat' dir='ltr'>obi„</span> <span class='ocrx_word' id='word_1_267' title='bbox 1028 3446 1076 3508; x_wconf 77' lang='lat' dir='ltr'>qui</span> <span class='ocrx_word' id='word_1_268' title='bbox 1088 3457 1165 3506; x_wconf 82' lang='lat' dir='ltr'>supra</span> <span class='ocrx_word' id='word_1_269' title='bbox 1179 3439 1262 3504; x_wconf 71' lang='lat' dir='ltr'>eqd·</span> 
     </span>
     <span class='ocr_line' id='line_1_35' title="bbox 142 3509 1261 3583; baseline -0.011 -15"><span class='ocrx_word' id='word_1_270' title='bbox 142 3518 184 3579; x_wconf 63' lang='grc' dir='ltr'>(ε</span> <span class='ocrx_word' id='word_1_271' title='bbox 195 3517 289 3583; x_wconf 81' lang='lat' dir='ltr'>quid),</span> <span class='ocrx_word' id='word_1_272' title='bbox 304 3517 378 3582; x_wconf 82' lang='lat' dir='ltr'>quod</span> <span class='ocrx_word' id='word_1_273' title='bbox 389 3515 485 3567; x_wconf 82' lang='lat' dir='ltr'>Weiss.</span> <span class='ocrx_word' id='word_1_274' title='bbox 501 3535 519 3566; x_wconf 85' lang='grc' dir='ltr'><strong><em>α</em></strong></span> <span class='ocrx_word' id='word_1_275' title='bbox 530 3516 578 3578; x_wconf 77' lang='lat' dir='ltr'>(al.</span> <span class='ocrx_word' id='word_1_276' title='bbox 592 3516 624 3566; x_wconf 81' lang='lat' dir='ltr'>ad</span> <span class='ocrx_word' id='word_1_277' title='bbox 638 3518 720 3576; x_wconf 79' lang='lat' dir='ltr'>orani)</span> <span class='ocrx_word' id='word_1_278' title='bbox 733 3531 756 3566; x_wconf 88' lang='lat' dir='ltr'>m</span> <span class='ocrx_word' id='word_1_279' title='bbox 770 3515 838 3566; x_wconf 80' lang='lat' dir='ltr'>Siclt.</span> <span class='ocrx_word' id='word_1_280' title='bbox 850 3523 903 3565; x_wconf 88' lang='lat' dir='ltr'>ires</span> <span class='ocrx_word' id='word_1_281' title='bbox 917 3513 993 3563; x_wconf 77' lang='lat' dir='ltr'>llnbr.</span> <span class='ocrx_word' id='word_1_282' title='bbox 1009 3512 1065 3564; x_wconf 86' lang='lat' dir='ltr'>Gis.</span> <span class='ocrx_word' id='word_1_283' title='bbox 1078 3510 1176 3563; x_wconf 78' lang='lat' dir='ltr'>Wciiz.</span> <span class='ocrx_word' id='word_1_284' title='bbox 1187 3509 1261 3562; x_wconf 72' lang='lat' dir='ltr'>(lior.</span> 
     </span>
     <span class='ocr_line' id='line_1_36' title="bbox 144 3578 1263 3646; baseline -0.005 -13"><span class='ocrx_word' id='word_1_285' title='bbox 144 3584 225 3636; x_wconf 82' lang='lat' dir='ltr'>Paeti.</span> <span class='ocrx_word' id='word_1_286' title='bbox 241 3588 336 3636; x_wconf 79' lang='lat' dir='ltr'>Amstr.</span> <span class='ocrx_word' id='word_1_287' title='bbox 354 3583 409 3637; x_wconf 79' lang='lat' dir='ltr'>Gli.</span> <span class='ocrx_word' id='word_1_288' title='bbox 423 3587 441 3637; x_wconf 90' lang='grc'>1.</span> <span class='ocrx_word' id='word_1_289' title='bbox 456 3587 473 3636; x_wconf 93' lang='grc' dir='ltr'>Ι.</span> <span class='ocrx_word' id='word_1_290' title='bbox 561 3585 620 3636; x_wconf 82' lang='lat' dir='ltr'>dii.</span> <span class='ocrx_word' id='word_1_291' title='bbox 642 3581 971 3635; x_wconf 71' lang='lat' dir='ltr'>nouaulimcisbii.</span> <span class='ocrx_word' id='word_1_292' title='bbox 1060 3582 1120 3632; x_wconf 80' lang='grc'><strong>615.</strong></span> <span class='ocrx_word' id='word_1_293' title='bbox 1139 3578 1263 3646; x_wconf 70' lang='lat' dir='ltr'>Degener</span> 
     </span>
     <span class='ocr_line' id='line_1_37' title="bbox 142 3651 1143 3720; baseline -0.002 -20"><span class='ocrx_word' id='word_1_294' title='bbox 142 3660 168 3700; x_wconf 84' lang='lat' dir='ltr'>et</span> <span class='ocrx_word' id='word_1_295' title='bbox 180 3655 202 3704; x_wconf 79' lang='lat' dir='ltr'>A</span> <span class='ocrx_word' id='word_1_296' title='bbox 216 3669 230 3703; x_wconf 85' lang='grc' dir='ltr'>ι</span> <span class='ocrx_word' id='word_1_297' title='bbox 243 3655 300 3704; x_wconf 83' lang='lat' dir='ltr'>itit.</span> <span class='ocrx_word' id='word_1_298' title='bbox 317 3655 417 3719; x_wconf 70' lang='lat' dir='ltr'>bugd,</span> <span class='ocrx_word' id='word_1_299' title='bbox 437 3672 484 3706; x_wconf 85' lang='lat' dir='ltr'>neo</span> <span class='ocrx_word' id='word_1_300' title='bbox 495 3655 610 3720; x_wconf 79' lang='lat' dir='ltr'>sosacio</span> <span class='ocrx_word' id='word_1_301' title='bbox 623 3651 700 3704; x_wconf 68' lang='lat' dir='ltr'>Febr.</span> <span class='ocrx_word' id='word_1_302' title='bbox 715 3651 771 3702; x_wconf 83' lang='lat' dir='ltr'>Gis.</span> <span class='ocrx_word' id='word_1_303' title='bbox 922 3651 983 3702; x_wconf 81' lang='lat' dir='ltr'>dii.</span> <span class='ocrx_word' id='word_1_304' title='bbox 1002 3653 1106 3700; x_wconf 80' lang='lat' dir='ltr'>creauit</span> <span class='ocrx_word' id='word_1_305' title='bbox 1116 3664 1143 3699; x_wconf 90' lang='lat' dir='ltr'>u.</span> 
     </span>
    </p>

    <p class='ocr_par' dir='ltr' id='par_1_13' title="bbox 142 3715 1265 3989">
     <span class='ocr_line' id='line_1_38' title="bbox 211 3715 1263 3782; baseline -0.004 -13"><span class='ocrx_word' id='word_1_306' title='bbox 211 3720 269 3770; x_wconf 83' lang='grc'><strong>618.</strong></span> <span class='ocrx_word' id='word_1_307' title='bbox 289 3727 469 3775; x_wconf 71' lang='lat' dir='ltr'>seimonau.</span> <span class='ocrx_word' id='word_1_308' title='bbox 608 3722 668 3774; x_wconf 88' lang='grc'><strong>619.</strong></span> <span class='ocrx_word' id='word_1_309' title='bbox 688 3726 838 3773; x_wconf 69' lang='lat' dir='ltr'>massorinr</span> <span class='ocrx_word' id='word_1_310' title='bbox 856 3721 913 3773; x_wconf 79' lang='lat' dir='ltr'>iti.</span> <span class='ocrx_word' id='word_1_311' title='bbox 929 3718 1011 3782; x_wconf 72' lang='lat' dir='ltr'>Lugi-</span> <span class='ocrx_word' id='word_1_312' title='bbox 1031 3717 1165 3768; x_wconf 83' lang='lat' dir='ltr'>Sicb.ires</span> <span class='ocrx_word' id='word_1_313' title='bbox 1185 3715 1263 3766; x_wconf 84' lang='lat' dir='ltr'>Cbor.</span> 
     </span>
     <span class='ocr_line' id='line_1_39' title="bbox 144 3781 1265 3854; baseline -0.003 -18"><span class='ocrx_word' id='word_1_314' title='bbox 144 3785 226 3837; x_wconf 82' lang='lat' dir='ltr'>Paeti.</span> <span class='ocrx_word' id='word_1_315' title='bbox 364 3792 424 3841; x_wconf 86' lang='grc'><strong>651.</strong></span> <span class='ocrx_word' id='word_1_316' title='bbox 444 3794 638 3842; x_wconf 76' lang='lat' dir='ltr'>obruieseeaiia</span> <span class='ocrx_word' id='word_1_317' title='bbox 651 3807 667 3842; x_wconf 85' lang='lat' dir='ltr'>a</span> <span class='ocrx_word' id='word_1_318' title='bbox 679 3789 737 3841; x_wconf 83' lang='lat' dir='ltr'>illi.</span> <span class='ocrx_word' id='word_1_319' title='bbox 752 3790 834 3854; x_wconf 69' lang='lat' dir='ltr'>bugd.</span> <span class='ocrx_word' id='word_1_320' title='bbox 848 3789 918 3840; x_wconf 76' lang='lat' dir='ltr'>stet.</span> <span class='ocrx_word' id='word_1_321' title='bbox 930 3797 993 3850; x_wconf 85' lang='lat' dir='ltr'>tres,</span> <span class='ocrx_word' id='word_1_322' title='bbox 1012 3788 1203 3838; x_wconf 78' lang='lat' dir='ltr'>obruiiccenie&#39;e</span> <span class='ocrx_word' id='word_1_323' title='bbox 1215 3781 1236 3835; x_wconf 79' lang='grc'><strong>6</strong></span> <span class='ocrx_word' id='word_1_324' title='bbox 1248 3798 1265 3833; x_wconf 84' lang='lat' dir='ltr'>u</span> 
     </span>
     <span class='ocr_line' id='line_1_40' title="bbox 143 3853 1264 3926; baseline -0.003 -20"><span class='ocrx_word' id='word_1_325' title='bbox 143 3853 251 3918; x_wconf 64' lang='lat' dir='ltr'>weita,</span> <span class='ocrx_word' id='word_1_326' title='bbox 270 3859 475 3911; x_wconf 77' lang='lat' dir='ltr'>obmutescentis</span> <span class='ocrx_word' id='word_1_327' title='bbox 488 3859 545 3911; x_wconf 79' lang='lat' dir='ltr'>flet.</span> <span class='ocrx_word' id='word_1_328' title='bbox 560 3876 595 3924; x_wconf 90' lang='lat' dir='ltr'>m,</span> <span class='ocrx_word' id='word_1_329' title='bbox 609 3861 633 3910; x_wconf 89' lang='lat' dir='ltr'>in</span> <span class='ocrx_word' id='word_1_330' title='bbox 645 3875 695 3925; x_wconf 87' lang='lat' dir='ltr'>quo</span> <span class='ocrx_word' id='word_1_331' title='bbox 705 3858 737 3909; x_wconf 82' lang='lat' dir='ltr'>ud</span> <span class='ocrx_word' id='word_1_332' title='bbox 749 3874 818 3909; x_wconf 73' lang='lat' dir='ltr'>orem</span> <span class='ocrx_word' id='word_1_333' title='bbox 832 3875 875 3926; x_wconf 85' lang='lat' dir='ltr'>pro</span> <span class='ocrx_word' id='word_1_334' title='bbox 886 3858 940 3908; x_wconf 83' lang='lat' dir='ltr'>div.</span> <span class='ocrx_word' id='word_1_335' title='bbox 955 3856 1014 3907; x_wconf 89' lang='lat' dir='ltr'>leci.</span> <span class='ocrx_word' id='word_1_336' title='bbox 1030 3854 1264 3915; x_wconf 75' lang='lat' dir='ltr'>Obbruieaeeaiis5</span> 
     </span>
     <span class='ocr_line' id='line_1_41' title="bbox 142 3924 1218 3989; baseline -0.003 -14"><span class='ocrx_word' id='word_1_337' title='bbox 142 3925 285 3975; x_wconf 80' lang='lat' dir='ltr'>necuim.</span> <span class='ocrx_word' id='word_1_338' title='bbox 389 3928 449 3979; x_wconf 83' lang='lat'>652.</span> <span class='ocrx_word' id='word_1_339' title='bbox 469 3929 622 3979; x_wconf 73' lang='lat' dir='ltr'>eiadoram</span> <span class='ocrx_word' id='word_1_340' title='bbox 636 3926 891 3989; x_wconf 68' lang='lat' dir='ltr'>atamachum).</span> <span class='ocrx_word' id='word_1_341' title='bbox 996 3924 1057 3976; x_wconf 83' lang='lat'>653.</span> <span class='ocrx_word' id='word_1_342' title='bbox 1076 3924 1178 3975; x_wconf 81' lang='lat' dir='ltr'>celebri</span> <span class='ocrx_word' id='word_1_343' title='bbox 1188 3924 1218 3973; x_wconf 79' lang='lat' dir='ltr'>t.</span> 
     </span>
    </p>

    <p class='ocr_par' dir='ltr' id='par_1_14' title="bbox 211 3993 556 4047">
     <span class='ocr_line' id='line_1_42' title="bbox 211 3993 556 4047; baseline 0.006 -2"><span class='ocrx_word' id='word_1_344' title='bbox 211 3995 271 4045; x_wconf 82' lang='lat'>655.</span> <span class='ocrx_word' id='word_1_345' title='bbox 291 4008 353 4044; x_wconf 84' lang='lat' dir='ltr'>arce</span> <span class='ocrx_word' id='word_1_346' title='bbox 366 3993 421 4046; x_wconf 79' lang='lat' dir='ltr'>Gis.</span> <span class='ocrx_word' id='word_1_347' title='bbox 437 3996 447 4046; x_wconf 93' lang='lat' dir='ltr'>l</span> <span class='ocrx_word' id='word_1_348' title='bbox 461 3998 556 4047; x_wconf 75' lang='lat' dir='ltr'>Amnis.</span> 
     </span>
    </p>
   </div>
   <div class='ocr_carea' id='block_1_4' title="bbox 142 4150 1267 4366">
    <p class='ocr_par' dir='ltr' id='par_1_15' title="bbox 142 4150 1267 4366">
     <span class='ocr_line' id='line_1_43' title="bbox 194 4150 1267 4226; baseline -0.008 -13"><span class='ocrx_word' id='word_1_349' title='bbox 194 4162 254 4226; x_wconf 76' lang='grc'><strong>615.</strong></span> <span class='ocrx_word' id='word_1_350' title='bbox 274 4158 406 4212; x_wconf 80' lang='lat' dir='ltr'>Condidit</span> <span class='ocrx_word' id='word_1_351' title='bbox 424 4173 491 4224; x_wconf 73' lang='lat' dir='ltr'>ergo</span> <span class='ocrx_word' id='word_1_352' title='bbox 507 4161 609 4210; x_wconf 79' lang='lat' dir='ltr'>mulum</span> <span class='ocrx_word' id='word_1_353' title='bbox 626 4160 681 4210; x_wconf 79' lang='lat' dir='ltr'>Do·</span> <span class='ocrx_word' id='word_1_354' title='bbox 724 4158 749 4209; x_wconf 78' lang='lat' dir='ltr'>ei</span> <span class='ocrx_word' id='word_1_355' title='bbox 766 4155 781 4209; x_wconf 84' lang='grc' dir='ltr'><strong>ὁ</strong></span> <span class='ocrx_word' id='word_1_356' title='bbox 798 4153 864 4215; x_wconf 71' lang='grc' dir='ltr'>θεὸς</span> <span class='ocrx_word' id='word_1_357' title='bbox 882 4154 963 4217; x_wconf 79' lang='grc' dir='ltr'><strong><em>αὐτὸς</em></strong></span> <span class='ocrx_word' id='word_1_358' title='bbox 981 4151 1161 4223; x_wconf 55' lang='lat' dir='ltr'>&amp;oedipodes</span> <span class='ocrx_word' id='word_1_359' title='bbox 1179 4150 1267 4216; x_wconf 69' lang='grc' dir='ltr'><strong><em>αὐτὴν</em></strong></span> 
     </span>
     <span class='ocr_line' id='line_1_44' title="bbox 142 4218 1266 4310; baseline -0.004 -31"><span class='ocrx_word' id='word_1_360' title='bbox 142 4231 242 4294; x_wconf 79' lang='lat' dir='ltr'>minoe}</span> <span class='ocrx_word' id='word_1_361' title='bbox 268 4229 323 4280; x_wconf 75' lang='lat' dir='ltr'>cir.</span> <span class='ocrx_word' id='word_1_362' title='bbox 346 4227 426 4278; x_wconf 80' lang='lat' dir='ltr'>clem.</span> <span class='ocrx_word' id='word_1_363' title='bbox 451 4227 522 4309; x_wconf 58' lang='lat'>³2⁰⁰·</span> <span class='ocrx_word' id='word_1_364' title='bbox 545 4228 617 4278; x_wconf 76' lang='lat' dir='ltr'>Horu.</span> <span class='ocrx_word' id='word_1_365' title='bbox 637 4227 680 4289; x_wconf 92' lang='lat' dir='ltr'>tii,</span> <span class='ocrx_word' id='word_1_366' title='bbox 726 4219 890 4310; x_wconf 49' lang='grc' dir='ltr'>[ξὴνᾷληνῂ</span> <span class='ocrx_word' id='word_1_367' title='bbox 914 4221 964 4278; x_wconf 80' lang='grc' dir='ltr'>οὐκ</span> <span class='ocrx_word' id='word_1_368' title='bbox 982 4222 1065 4309; x_wconf 55' lang='lat' dir='ltr'>alifis</span> <span class='ocrx_word' id='word_1_369' title='bbox 1082 4218 1266 4282; x_wconf 66' lang='lat' dir='ltr'>uictricium</span> 
     </span>
     <span class='ocr_line' id='line_1_45' title="bbox 144 4292 1066 4366; baseline 0 -18"><span class='ocrx_word' id='word_1_370' title='bbox 144 4298 177 4348; x_wconf 84' lang='grc'>38</span> <span class='ocrx_word' id='word_1_371' title='bbox 190 4314 258 4366; x_wconf 68' lang='lat' dir='ltr'>sqq,</span> <span class='ocrx_word' id='word_1_372' title='bbox 271 4297 343 4361; x_wconf 83' lang='lat' dir='ltr'>xix,</span> <span class='ocrx_word' id='word_1_373' title='bbox 359 4298 390 4349; x_wconf 81' lang='lat' dir='ltr'>ib</span> <span class='ocrx_word' id='word_1_374' title='bbox 401 4295 449 4348; x_wconf 77' lang='lat' dir='ltr'>xci</span> <span class='ocrx_word' id='word_1_375' title='bbox 461 4312 476 4346; x_wconf 88' lang='lat' dir='ltr'>o</span> <span class='ocrx_word' id='word_1_376' title='bbox 489 4295 596 4363; x_wconf 71' lang='grc' dir='ltr'><strong><em>Σίμων,</em></strong></span> <span class='ocrx_word' id='word_1_377' title='bbox 610 4297 640 4347; x_wconf 77' lang='lat' dir='ltr'>ri</span> <span class='ocrx_word' id='word_1_378' title='bbox 650 4293 683 4347; x_wconf 77' lang='lat' dir='ltr'>di</span> <span class='ocrx_word' id='word_1_379' title='bbox 724 4311 766 4349; x_wconf 74' lang='lat' dir='ltr'>mv</span> <span class='ocrx_word' id='word_1_380' title='bbox 777 4292 849 4356; x_wconf 74' lang='lat' dir='ltr'>avril</span> <span class='ocrx_word' id='word_1_381' title='bbox 861 4296 946 4346; x_wconf 74' lang='lat' dir='ltr'>rixam</span> <span class='ocrx_word' id='word_1_382' title='bbox 957 4310 1066 4358; x_wconf 70' lang='grc' dir='ltr'><strong><em>κακυνς</em></strong></span> 
     </span>
    </p>
   </div>
   <div class='ocr_carea' id='block_1_5' title="bbox 0 0 1434 4808">
    <p class='ocr_par' dir='ltr' id='par_1_16' title="bbox 0 0 1434 4808">
     <span class='ocr_line' id='line_1_46' title="bbox 0 0 1434 4808; baseline 0 0"><span class='ocrx_word' id='word_1_383' title='bbox 0 0 1434 4808; x_wconf 95' lang='lat' dir='ltr'> </span> 
     </span>
    </p>
   </div>
  </div>
 </body>
</html>
