2842 4808
637 288 856 340 APOTHEOSiS.

271 471 351 558 Quis
366 472 533 553 Dominus,
552 478 589 540 rie
604 493 665 554 quo
680 476 832 555 Domino,
852 479 879 540 si
896 480 983 540 solus
999 478 1037 539 ab
1053 493 1125 541 arce

269 574 391 636 siderea
409 577 528 650 spectat
542 569 639 635 Pater
653 577 709 634 aut
724 575 861 635 ardescit
874 574 905 634 in
922 573 1010 637 iras?

268 666 370 732 Fiiius
386 675 536 732 armatam
553 670 669 731 nomini
685 666 790 733 Patris
805 670 932 746 ignilitis
948 670 1027 732 iram

269 764 437 839 spargebat
452 760 624 825 Dominus:
643 766 719 824 sunt
735 776 830 824 ornum
848 762 964 827 tulmen
981 767 1125 839 utraque.

331 854 417 919 Haec
433 858 461 918 si
477 852 621 918 Iudaicos
637 855 683 916 sic
698 855 859 917 intciiecta
873 857 1035 931 rigassent

268 952 406 1027 auditus,
425 953 566 1028 stupidas
583 956 618 1013 ut
632 957 763 1029 possent
777 956 909 1028 tangere
924 952 1039 1029 iibras3

268 1051 428 1112 audissem
444 1048 609 1113 Dominum
626 1050 790 1125 virtutum,
809 1050 861 1126 qui
879 1053 1046 1125 pereuntes

267 1151 397 1209 venerat
411 1150 447 1209 ut
462 1150 604 1209 servaret
618 1161 711 1207 oves:
731 1146 783 1207 scri
801 1146 839 1206 air
855 1146 985 1208 auribus
1000 1147 1103 1209 omnis

268 1240 403 1303 fluxerat
418 1246 561 1316 ornatus,
579 1245 672 1316 caput
687 1245 718 1302 et
733 1241 795 1301 iam
815 1241 928 1301 coctile
942 1236 1020 1303 Baai

269 1334 404 1397 tinxerat
420 1322 641 1410 auriculasque
657 1349 715 1397 suo
732 1334 883 1410 spoliarat
896 1333 1026 1399 honore.

269 1429 338 1493 Dur
355 1432 459 1508 popuii
476 1433 635 1508 peccantis
650 1433 739 1493 adest
754 1432 792 1493 ne
807 1436 912 1494 monte
926 1432 1053 1495 corusci

268 1527 395 1588 luminis
411 1526 617 1602 adloquioque
633 1524 703 1602 lici,
722 1527 906 1602 tabulasque
921 1528 1082 1590 tremenuo

265 1623 383 1685 incisas
401 1623 498 1698 digito
514 1638 606 1683 caeca
623 1624 660 1684 aci
678 1623 814 1684 tentoria
830 1623 941 1684 ueiert.

266 1715 326 1781 Set
344 1719 427 1779 canit
442 1719 474 1780 in
491 1719 603 1780 taciem
621 1719 707 1795 pieirs
724 1734 785 1780 non
802 1719 909 1780 visura
924 1719 1098 1794 proinnuae

265 1812 346 1889 legis
363 1815 394 1874 in
410 1814 516 1890 nitigis
531 1817 681 1890 scriptum
698 1830 753 1890 per
768 1816 925 1889 enigmata
942 1809 1115 1878 Christum.

266 1905 390 1984 Inscita,
410 1922 489 1984 quae
505 1909 576 1970 tuce
591 1910 698 1971 ocutos
714 1909 898 1983 praestricta
915 1913 1064 1983 paventes

265 2002 381 2062 texerit
396 2004 427 2062 et
441 2016 551 2077 presso
567 2004 679 2064 taciem
694 2002 808 2063 vciarit
823 2000 955 2064 amictui

265 2100 298 2158 at
313 2113 370 2159 nos
386 2099 503 2160 reiecto
520 2095 680 2161 Christum
696 2098 850 2160 velamine
865 2111 970 2159 coram

264 2191 422 2251 cernimus
438 2194 532 2266 atquc
547 2188 648 2253 Deum
664 2192 754 2253 vuitu
771 2192 970 2267 speculamur
984 2194 1110 2266 aperto:

265 2299 322 2346 nec
339 2286 396 2346 sub
411 2286 480 2361 iege
495 2288 585 2362 gravi
601 2288 748 2363 depressa
766 2287 868 2349 ironte
883 2288 1033 2363 iacemus,

266 2380 320 2440 seri
337 2380 416 2456 iegis
432 2380 554 2442 ratitum
569 2383 693 2443 subituri
710 2383 911 2458 agnoscimus
927 2396 993 2442 ore.

265 2472 335 2536 iieu
352 2476 498 2537 frondosa
514 2479 601 2552 prius
618 2478 714 2538 ramis
730 2476 874 2538 ieiiciirus
889 2476 995 2552 arbor,

262 2569 433 2644 pinguibus
448 2570 509 2631 ineu
525 2573 679 2647 quoniam
696 2571 786 2633 rautx
802 2571 947 2646 oleagina
964 2569 1067 2632 tracis!

263 2659 347 2725 Ecce
361 2666 417 2726 ttiri
433 2666 553 2726 inserto
569 2666 734 2728 revirescit
749 2680 832 2727 nunc
847 2666 983 2726 oleastro

263 2760 395 2820 murreus
411 2764 443 2820 et
457 2762 581 2822 externi
597 2761 732 2822 vestitur
748 2760 864 2820 cortice
879 2758 967 2820 iibri!

260 2851 326 2917 lam
343 2858 574 2922 misereretui:
594 2873 654 2922 non
672 2856 968 2919 sesiivestrisoiivi
1042 2942 1078 2953 ..
1182 2864 1186 2873 ·

263 2952 411 3015 surculus
427 2958 574 3019 exultans
590 2956 692 3018 alieno
709 2954 814 3030 stipite
829 2955 944 3016 iactat:

244 3088 306 3138 3211.
318 3090 426 3156 flumen
439 3107 470 3155 eq
500 3094 654 3159 utraqueA
674 3090 782 3155 RPrng.
805 3108 822 3140 α
835 3092 972 3158 nbmqu
991 3090 1048 3141 niu.
1068 3089 1149 3156 Lngd.
1171 3090 1306 3143 S'reh.tres

177 3153 231 3206 Gis.
246 3155 347 3208 Weiiz.
369 3159 446 3211 Cher.
468 3160 551 3213 Posti.
573 3162 661 3213 Heius.
676 3161 740 3213 Ceii.
761 3162 839 3212 Arav.
855 3160 940 3222 oin,
967 3165 1081 3225 neterque
1095 3159 1171 3224 Pras.
1186 3161 1210 3211 in
1223 3176 1305 3225 marg.

176 3224 270 3275 Canen.
288 3224 364 3278 Febr.
387 3228 442 3280 Gis.
458 3230 467 3280 i
485 3232 599 3295 Amstr.;
624 3232 673 3281 sed
692 3231 762 3280 idom
779 3237 845 3281 sunt
863 3235 979 3295 utroque
989 3231 1099 3294 primes
1118 3227 1177 3280 flet.
1191 3245 1224 3279 es
1237 3244 1304 3282 corr.

175 3291 243 3359 [Cir.
258 3290 379 3360 Prolegg.
394 3305 420 3348 et
434 3298 462 3348 C.
477 3298 515 3363 X,
529 3303 553 3350 5.
570 3299 595 3350 P.
613 3299 656 3351 111.
673 3300 705 3350 80
719 3301 794 3355 eici.
931 3296 991 3347 322.
1010 3303 1043 3346 et
1051 3300 1197 3364 possent-A
1211 3296 1231 3346 11
1246 3315 1306 3349 non·

173 3363 236 3412 uniti
257 3376 289 3413 ex
310 3363 412 3417 Heinss.
429 3366 505 3417 Lnnr.
522 3367 623 3419 Weiss*
635 3386 653 3417 α
665 3385 709 3418 nu
727 3368 784 3418 Ati.
801 3365 880 3431 Lngd.
902 3364 971 3414 Sicir.
982 3373 1036 3416 tres
1055 3364 1110 3417 Gis.
1130 3365 1205 3416 Char.
1221 3366 1304 3418 Poeti.

173 3433 268 3482 nostr.
280 3432 359 3485 Areu.
370 3434 447 3499 ont„
463 3443 494 3488 ui
503 3442 610 3502 possint
624 3436 743 3488 NPPut.
759 3453 774 3502 q
789 3434 875 3485 Heius.
892 3432 970 3497 cert,
985 3442 1035 3484 aut
1043 3440 1156 3501 possent
1167 3435 1213 3484 bm
1227 3433 1304 3486 Febr.

174 3498 270 3551 Weitz.
396 3505 456 3555 325.
477 3512 565 3557 stom.
583 3509 592 3557 1
605 3521 636 3570 ιι,
655 3507 746 3557 Boleoi
757 3523 774 3553 ιι
787 3521 810 3556 rn
824 3519 910 3555 omnes
924 3518 965 3569 np.
982 3501 1046 3554 Mar.
1060 3501 1118 3552 Ait.
1135 3500 1216 3566 nugo.
1232 3498 1303 3555 Sieh.

174 3575 227 3621 tres
241 3568 340 3621 weita.
355 3571 431 3624 Chor.
444 3572 527 3625 Poett.
541 3576 637 3626 Amstr.
755 3571 815 3625 326.
836 3589 886 3642 que
899 3587 948 3620 om.
963 3571 994 3620 Α.
1112 3571 1171 3620 331.
1191 3570 1305 3638 aegras

173 3636 230 3688 ΕΙ.
374 3643 435 3693 332.
456 3644 541 3694 lucem
555 3661 585 3706 ιι,
603 3644 787 3710 peretrantes
803 3641 822 3691 Ε
836 3642 855 3691 Ρ
868 3658 885 3689 α
898 3656 912 3690 a
926 3657 941 3689 n
956 3639 1026 3708 [vti.
1042 3655 1067 3690 v.
1083 3637 1154 3706 4351.

223 3706 284 3758 334.
307 3713 407 3761 rer'eeto
421 3714 440 3761 Α
456 3711 474 3762 P
488 3711 508 3762 R
522 3713 598 3763 Laur.
615 3731 631 3762 ιι
645 3728 659 3762 a
674 3712 691 3763 b
705 3714 741 3773 (in
755 3726 834 3774 marg.
850 3725 895 3776 pro
909 3709 960 3757 div.
976 3709 1079 3775 script.)
1092 3725 1107 3774 q
1121 3726 1136 3759 ιι
1150 3708 1206 3760 aid.
1223 3708 1303 3774 Lngd.

172 3773 244 3825 stet.
256 3783 309 3826 tm
322 3777 375 3829 Gis,
391 3779 468 3830 Cher.
484 3781 568 3833 Posti.
583 3782 677 3832 Amstr.
693 3781 780 3831 Heius.
796 3780 863 3830 ecit.
877 3778 960 3841 oon,
980 3779 1086 3831 detecto
1102 3779 1116 3828 b
1131 3778 1168 3842 (io
1182 3785 1266 3844 textu)
1280 3793 1304 3829 ιιι

172 3858 261 3908 tango
274 3847 350 3897 trium
364 3850 434 3900 Stet.
449 3849 524 3901 Febr.
541 3850 637 3901 Weitz.
653 3856 730 3901 Areu.
904 3848 964 3897 338.
990 3850 1071 3901 arboe
1089 3863 1104 3897 a
1119 3850 1133 3897 Ιι
1146 3863 1169 3899 m
1182 3864 1197 3914 q
1210 3866 1226 3899 u
1246 3848 1301 3901 Gis.

172 3910 271 3963 Weiiz>
287 3914 366 3966 Arcu.
524 3922 584 3970 aio.
605 3923 746 3970 rociensem
758 3934 784 3967 u.
925 3918 985 3969 312.
1005 3921 1042 3969 sis
1055 3932 1080 3983 p.
1095 3934 1122 3967 se
1135 3919 1157 3968 Α
1170 3918 1189 3967 Β
1202 3918 1222 3969 E
1238 3918 1255 3968 P
1269 3917 1303 3969 W

173 3977 229 4032 tint.
248 3981 346 4034 Weiss.
358 4000 373 4036 ιι
386 4002 410 4037 ιιι
424 4003 439 4052 q
452 4003 540 4052 mergo
554 3990 630 4039 trium
643 3989 714 4039 Sieir.
821 3987 881 4035 313.
901 3985 1033 4038 Surootoe
1048 3988 1102 4037 lm.

140 4176 156 4186 ..
221 4112 370 4163 321...551.
403 4112 511 4165 ludaeos
536 4116 654 4179 coarguit
678 4131 718 4166 rc·
814 4115 872 4164 331.
888 4111 1087 4181 enigmotoJDe
1099 4115 1239 4180 quantitate
1252 4113 1300 4165 cir.

174 4179 302 4246 tollitque.
762 4183 821 4246 210,
837 4183 866 4233 C.
881 4182 926 4246 vi,
943 4184 999 4235 i42.

135 4284 141 4293 ·
222 4250 275 4301 321
285 4266 343 4316 sqq.
361 4249 454 4303 Mami.
469 4253 511 4316 15,
523 4253 564 4316 24,
580 4251 715 4317 Exod.3i‚
812 4252 872 4303 333.
893 4250 925 4303 ΙΙ.
940 4253 1001 4303 Cor.
1016 4251 1041 4315 3,
1058 4251 1167 4302 13...15.

173 4317 202 4368 C.
218 4318 278 4382 xii,
294 4320 355 4372 1⁹4.
812 4323 862 4371 tio
875 4337 929 4388 sqq.
952 4320 1022 4371 Rom.
1040 4321 1081 4383 it,
1097 4321 1126 4369 17
1140 4335 1195 4386 sqq.

240 4427 374 4473 Pndnniins
385 4428 420 4475 sei.
434 4429 531 4474 Dressei.
1070 4404 1090 4466 7

1162 4508 1251 4530 Α
