2842 4808
140 261 202 325 230
503 255 579 308 tun.
595 254 775 308 rnunudru
790 252 893 306 CUM.

225 447 362 508 adscitae
379 448 474 509 terris
488 447 547 508 suu
563 445 728 521 relligione
743 443 884 507 iacentis.

227 537 329 621 Quam
345 541 439 618 pudet
455 541 512 602 noo
527 538 590 601 illis
606 553 804 616 persuasum,
824 537 940 599 talibus
956 540 991 601 ut
1005 552 1041 600 se

227 633 448 711 Romanasque
463 634 547 695 acies
563 636 730 695 censerent
745 628 860 694 Martis
875 645 981 692 amore

141 740 191 793 285
225 743 318 806 posse
332 729 412 805 regi,
430 728 503 790 dum
518 743 554 790 se
568 724 706 804 Paphiae
722 728 802 790 mala
818 725 951 789 blandus
966 725 1091 789 adulter

231 823 371 885 venditat
386 822 612 897 Aeneadasque
627 836 704 883 suos
719 821 920 884 successibus
936 819 1054 896 augeli

227 915 360 994 Felices,
378 919 405 980 si
421 923 533 981 cuncta
552 917 617 981 neo
633 933 691 980 sua
708 931 855 993 prospera
872 911 999 978 Christe

226 1014 366 1090 principe
381 1014 531 1090 disposita
548 1015 695 1089 scissent,
714 1014 766 1089 qul
783 1026 913 1076 currere
929 1024 1027 1087 regna

226 1095 321 1168 certis
337 1106 431 1170 ducta
447 1108 547 1169 modis
562 1104 837 1180 Romanorumque
854 1104 1028 1181 triumphos

140 1214 192 1265 roo
227 1217 369 1266 erescere
385 1207 416 1264 et
431 1203 558 1279 inpletis
573 1203 673 1264 voluit
687 1217 723 1264 sa
738 1202 903 1264 infundere
919 1201 1023 1264 seclis.
1065 1242 1070 1252 -

225 1295 285 1361 Sed
301 1299 475 1374 caligantes
491 1299 612 1360 animas
627 1302 659 1361 et
672 1298 744 1360 luce
759 1301 904 1359 carentes

228 1394 260 1455 ln
277 1389 362 1455 lovis
377 1392 579 1469 Augustique
593 1394 700 1469 adytis
716 1394 903 1470 templisque
919 1392 1052 1457 duarum

226 1481 382 1548 Iunonum
396 1483 571 1561 Martisque
586 1487 680 1547 etlam
698 1483 893 1561 Venerisque
908 1485 1034 1548 sacellis

227 1584 379 1642 mactatas
395 1584 476 1641 tetro
491 1579 546 1640 leti
562 1581 732 1644 inmersere
747 1582 905 1655 barathro,

143 1688 193 1741 tes
228 1691 406 1753 supremum
423 1677 562 1753 regimen
579 1678 696 1739 crassis
711 1678 742 1739 in
760 1679 901 1754 partibus
915 1677 1001 1742 oron

229 1790 299 1836 esso
315 1775 375 1835 rati
391 1787 555 1850 mersoque
570 1773 632 1850 poll
647 1774 820 1837 consistere
836 1773 945 1837 lundo.

285 1864 443 1948 Quidquid
460 1868 584 1943 humus,
604 1867 750 1944 quidquid
767 1867 897 1944 pelagus
914 1865 1055 1929 mirabile
1070 1865 1221 1943 gignunt,

229 1963 260 2024 ld
276 1964 393 2026 duxere
409 1965 501 2027 deos:
521 1965 629 2041 colles,
649 1965 741 2040 treta,
760 1964 900 2041 flumina,
918 1963 1070 2024 dammas.

230 2057 315 2121 llaec
331 2062 391 2122 sibl
408 2061 583 2137 pervarias
601 2061 733 2122 lormata
749 2060 902 2123 clementa
917 2061 1038 2135 uguras

144 2165 195 2216 ano
228 2156 420 2217 constituere
435 2158 552 2230 patres,
570 2155 792 2229 hominumque
808 2154 959 2217 vocabula
974 2153 1072 2217 mutis

229 2247 424 2324 scripserunt
438 2250 552 2311 statuis
567 2250 618 2311 vel
633 2247 817 2327 Neptunum
834 2251 1007 2313 vocitantes

230 2358 380 2405 oceanum
396 2345 446 2406 vel
463 2341 609 2423 Cyaneas
626 2361 702 2409 cava
717 2345 846 2409 llumlna
862 2344 1029 2422 Nymphas

229 2440 280 2503 vel
295 2441 392 2503 silvas
409 2439 565 2521 Dryadas,
584 2444 633 2506 vel
649 2443 738 2505 devia
753 2457 829 2505 rura
843 2440 1002 2519 Napaeas.

229 2529 300 2611 Ipse
315 2535 410 2612 lgnls,
429 2541 572 2598 nostrum
589 2537 691 2598 lactus
706 2537 759 2611 qui
776 2536 876 2597 servit
890 2535 927 2596 ad
946 2549 1050 2611 usum,

145 2641 195 2693 auo
231 2627 393 2693 Vulcanus
408 2633 587 2707 pertinetur
601 2637 633 2693 et
647 2633 680 2694 in
695 2633 813 2694 virtute
829 2645 963 2708 superna

231 2729 372 2804 tingitur,
391 2744 427 2789 ac
444 2730 570 2791 delulrra
585 2726 672 2791 Deus
689 2732 721 2789 et
736 2729 860 2790 nomine
876 2732 907 2788 et
922 2741 976 2788 ore

213 2865 273 2917 282.
294 2864 572 2915 Adscitae...a'oeontir
588 2863 606 2914 ll
622 2863 656 2914 W
669 2862 743 2928 Prag.
758 2878 782 2913 ιιι
796 2862 893 2915 Weitz.
907 2864 1003 2914 Amstr.
1020 2862 1108 2914 Heius.
1122 2861 1185 2915 Αιιι.
1197 2861 1277 2927 0bb..

145 2933 427 2985 Adseitoe...inesntae
441 2932 459 2979 Β
472 2932 551 2984 Laus.
567 2932 624 2983 liat.
638 2947 654 2982 a
666 2949 682 2981 u
695 2933 755 2984 tlt.
770 2933 852 2996 Lngd.
867 2932 937 2983 stet.
947 2939 1001 2984 tres
1014 2930 1091 2983 naar.
1104 2929 1160 2985 uis.
1174 2933 1281 2994 (iocen-

145 3003 209 3065 tea's)
223 3001 319 3065 Grang.
333 3000 409 3050 Char.
425 2998 525 3061 Poeta..
544 2999 657 3051 Adrasta
670 3004 837 3053 a...e'aeentes
857 3019 875 3050 α
889 3005 984 3065 Areu,
1003 3001 1279 3053 Adtrita...t'acentes

145 3085 176 3119 ex
191 3069 291 3119 Helosii
304 3069 454 3121 coniectura
469 3068 533 3119 cell.
550 3068 625 3119 Teol.
748 3070 808 3120 285.
829 3086 888 3120 eum
909 3069 966 3121 nat.
981 3068 1077 3121 Weitz.
1094 3085 1151 3119 eum
1166 3070 1194 3120 B.

190 3138 250 3188 288.
272 3138 394 3203 deposita
408 3153 433 3188 ιι.
545 3137 604 3188 289.
625 3138 773 3204 trdnmpda's
788 3136 863 3201 Pras.
878 3137 938 3189 tid.
955 3139 1034 3203 bugd.
1050 3138 1183 3190 siclulres
1198 3135 1277 3188 Febr.

145 3205 200 3258 Gis.
216 3206 311 3271 Graug.
326 3206 404 3257 (llos.
420 3206 502 3258 Poelt.
518 3207 611 3258 Anasta.
733 3206 793 3257 290.
812 3222 840 3256 re
853 3221 909 3257 exe.
924 3223 948 3258 a.
1072 3207 1132 3258 292.
1151 3211 1280 3273 angusta·-

146 3294 196 3344 que
215 3291 238 3328 a.
362 3275 423 3328 tut.
443 3277 551 3327 baratri
565 3274 641 3339 Pras.
747 3274 983 3327 remordentia.
999 3273 1080 3339 Lugd.
1152 3275 1214 3326 296.
1231 3277 1282 3327 He·

144 3352 218 3399 serat
231 3349 410 3410 ianmsrroquo
424 3346 454 3394 nd
469 3360 539 3395 oram
552 3342 566 3395 t
577 3345 643 3396 losse
655 3348 716 3396 rati
727 3360 761 3397 m.
878 3344 1015 3397 297...308
1029 3344 1154 3396 inscribit.
1170 3345 1210 3396 De
1224 3347 1282 3396 eul-

146 3419 215 3467 turts
228 3416 420 3466 eternantorum
438 3416 487 3465 sub
506 3418 593 3481 sperio
606 3414 775 3482 quorundam
796 3430 848 3464 oon
867 3414 978 3464 deorum
997 3413 1043 3464 aad
1061 3415 1202 3464 demonum
1218 3411 1281 3465 noa.

144 3500 178 3536 m.
215 3486 274 3537 297.
288 3487 383 3549 gignit
395 3482 429 3534 W
443 3488 529 3550 (supra
542 3486 673 3548 gignunt)
687 3485 729 3534 2α
742 3499 756 3534 a
771 3482 867 3534 Weite.
884 3483 944 3545 (non
959 3482 976 3532 Β
991 3481 1114 3546 PLaur.)
1128 3485 1209 3533 Arev.

231 3556 290 3605 298.
312 3553 445 3604 induxere
458 3555 479 3602 0
492 3554 510 3603 ll
525 3551 544 3602 ΙΙ
561 3553 634 3616 Pras.
651 3551 708 3603 llut.
725 3569 747 3602 m
762 3552 847 3602 Celer.
862 3553 893 3603 ad
907 3552 964 3601 Val.
980 3550 1050 3602 Max.
1064 3568 1087 3618 p.
1104 3552 1153 3602 563
1166 3550 1280 3613 weita,

144 3622 265 3672 adduxero
279 3623 330 3686 (lit.
345 3622 441 3672 initiali
456 3622 560 3683 omissa,
575 3621 621 3672 cfr.
638 3621 668 3670 ud
683 3639 706 3672 ι’.
717 3621 776 3678 233)
791 3637 819 3682 ιι,
834 3622 899 3688 qnod
916 3620 1060 3670 iaderam
1075 3621 1114 3670 rel
1129 3619 1283 3672 Adduxere

147 3689 198 3754 legi
211 3697 313 3756 potest,
333 3690 365 3740 ld
377 3691 470 3741 dixere
485 3691 520 3754 ll,
540 3692 676 3742 induxere
688 3691 736 3740 deo
750 3692 805 3741 sire
817 3692 872 3740 deis
887 3690 953 3741 conl.
971 3689 1059 3739 uetus.
1154 3688 1215 3738 299.
1232 3691 1285 3740 tros·

145 3757 412 3823 113Jormantllltl
429 3758 492 3808 PW
514 3758 856 3827 (suprimendum,
880 3760 994 3825 sos-mot
1016 3758 1069 3820 Ιας
1095 3765 1152 3825 post
1167 3759 1282 3876 &urus

146 3832 238 3893 puncto
252 3824 420 3888 distinguitur
433 3826 458 3876 in
473 3844 498 3877 u.
604 3828 665 3878 ³03.
685 3829 781 3878 silerum
795 3826 854 3876 Ald.
869 3825 957 3892 Lugdq
977 3826 1087 3892 Napeae
1101 3842 1123 3877 m
1137 3843 1153 3876 u
1202 3828 1281 3889 sita,

146 3895 265 3962 napaeos
279 3892 355 3956 Prsg.
369 3908 394 3942 a.
508 3897 568 3945 301.
588 3898 661 3962 Ignis
674 3901 729 3963 ipse
743 3896 796 3945 inr.
812 3911 837 3945 u.
960 3897 1020 3945 305.
1040 3899 1090 3961 qni
1101 3899 1129 3946 ιἰι
1142 3895 1172 3954 Ρ,
1191 3900 1244 3960 qua·
1255 3911 1282 3962 p.

146 3970 174 4014 et
186 3968 213 4012 in
227 3963 285 4015 nid.
302 3961 383 4026 Lugd.
398 3962 467 4012 sul.
477 3970 530 4013 tres
552 3963 627 4015 Chor.
643 3964 726 4016 Poetl.
881 3962 940 4012 306.
962 3965 1019 4014 dois
1033 3973 1061 4014 ae
1072 3968 1177 4014 animine
1191 3970 1218 4013 et
1234 3981 1283 4015 ore

147 4032 330 4084 Aesimulatus
343 4031 409 4082 coni.
425 4030 514 4082 Heius.

198 4152 247 4202 292
268 4168 303 4218 sq.
324 4151 440 4203 dirarum
463 4151 608 4220 lunensem]
627 4151 686 4202 vid.
732 4152 781 4199 rud
794 4155 880 4211 spreta
900 4152 1070 4218 quorundum
1088 4169 1141 4202 non
1155 4152 1283 4216 deorum,

147 4235 222 4286 supra
237 4222 296 4270 251.
732 4219 780 4267 sed
799 4220 958 4270 dacrrlonnm
986 4221 1103 4270 inscript
1140 4221 1284 4273 nonnullae

196 4288 333 4340 lutum
352 4289 384 4340 de
404 4289 477 4338 occlto
498 4289 689 4340 sternentorum
733 4286 791 4337 odd.
807 4295 870 4339 vett.
886 4288 932 4340 cfr.
951 4306 1020 4341 verr.
1037 4292 1113 4348 lectt
