2842 4778
502 291 576 344 elin.
593 289 746 344 ΡΙΙΙΙΙΙΙΙΙΙΙΙ
759 291 862 345 ctsstt.

432 481 480 540 rel
497 496 568 542 acra
586 481 635 541 vel
651 496 728 542 saxa
745 481 861 557 aigina,

435 575 483 635 vel
502 576 584 651 ligna
602 577 747 637 credebat
763 573 873 637 [lenm.
896 583 912 628 :ss

480 668 565 732 liaeo
581 671 652 733 ium
669 674 856 749 sequuntur,
873 672 979 747 perilli

436 765 600 840 praedonis
616 767 648 826 in
663 766 713 827 lus
728 771 892 843 venerant,

436 861 468 918 et
483 859 688 935 mancipatam
704 858 821 920 iumlio

436 953 533 1018 vitam
550 955 694 1017 barathro
711 955 934 1018 inmerserunt:

480 1047 624 1128 Stragem
642 1054 695 1115 sed
711 1053 805 1115 istam
822 1069 882 1116 non
901 1054 974 1116 tulii

435 1139 582 1208 Christus
597 1147 761 1209 cadentum
780 1149 935 1224 gentium,

437 1239 554 1314 inpune
569 1255 608 1302 ne
623 1241 729 1303 forsan
747 1242 796 1302 sui

435 1337 534 1411 patris
549 1339 664 1414 periret
679 1339 809 1400 iairica.

475 1428 611 1494 Mortale
626 1448 739 1508 corpus
753 1434 866 1508 induit,

436 1529 472 1585 ut
487 1527 624 1585 excitato
644 1540 774 1601 corpore

440 1620 548 1682 mortis
563 1624 705 1682 catenam
723 1622 883 1696 nangeret

437 1713 652 1789 hominemque
668 1718 806 1789 portaret
821 1710 918 1775 Patri.

385 1849 390 1862 ,
485 1806 612 1869 illeille
628 1810 742 1871 natalis
758 1810 836 1885 (iles,

436 1919 496 1981 qno
511 1908 543 1965 te
558 1909 681 1967 creator
695 1907 812 1968 arduus

438 1999 570 2076 spiravit
583 2002 616 2059 et
632 1998 705 2060 limo
720 1999 833 2060 inoluit

439 2108 582 2155 sermone
598 2108 724 2155 carnem
739 2093 910 2171 glutinans.

484 2187 641 2265 Sentisne,
660 2192 750 2267 virgo
767 2191 890 2265 nobilis,

439 2290 561 2347 matura
578 2298 634 2359 per
651 2285 776 2346 lasciuia

438 2381 565 2460 putoris
579 2381 731 2444 intactum
747 2382 841 2443 decus

439 2479 555 2538 nonore
571 2480 679 2552 partus
694 2477 855 2539 cresceret

486 2565 513 2633 0
529 2575 645 2645 quanta
661 2585 765 2634 rerum
783 2571 898 2647 gaudia

441 2668 530 2729 alvus
546 2668 656 2744 puilca
673 2669 823 2743 continet,

441 2781 480 2825 ex
496 2779 558 2841 qua
574 2764 730 2827 novellum
745 2765 884 2826 seculum

440 2860 578 2934 procedit
594 2863 625 2919 et
640 2859 696 2920 lux
712 2859 824 2920 aurea!

487 2951 622 3029 Vagitus
638 2953 690 3014 ilie
706 2954 868 3015 exordium

442 3049 603 3109 vernantis
618 3050 701 3109 ortis
717 3047 860 3124 prouidit,

442 3156 511 3203 nam
528 3145 603 3203 tunc
619 3147 747 3203 renatus
763 3140 920 3202 sordicium

219 3297 261 3349 35.
282 3296 333 3348 Vei
344 3314 406 3348 aere
419 3298 529 3362 velstxc
543 3298 562 3347 li
577 3298 597 3349 ii
610 3297 636 3348 lt
755 3297 797 3347 36.
818 3296 962 3346 credebant
973 3314 999 3347 u.
1121 3299 1162 3348 37.
1181 3316 1273 3365 perse·

150 3373 272 3436 quaerar
286 3369 340 3419 im.
468 3368 510 3419 42.
530 3365 591 3418 Post
600 3370 720 3433 gentium
736 3366 895 3433 distinguunt
908 3366 922 3414 b
935 3367 943 3415 i
956 3381 978 3415 m
996 3368 1199 3432 interpunctione
1213 3370 1270 3421 cdli.

151 3446 206 3504 post
220 3438 318 3505 inpune
331 3452 460 3505 oppressa.
480 3436 565 3489 Etiam
577 3438 655 3486 Aser.
667 3473 672 3486 .
683 3473 689 3486 .
700 3475 705 3486 .
716 3440 840 3501 gentium
851 3455 860 3498 ‚·
879 3435 989 3500 Impune
1000 3438 1151 3502 nesorscn.

185 3508 227 3558 la.
248 3513 405 3576 reportaret
416 3505 492 3571 Prsg.
507 3523 533 3558 u.
700 3506 742 3555 51.
763 3507 903 3556 Animooit
914 3510 943 3554 ei
955 3504 1019 3555 limo
1032 3504 1125 3555 induit
1136 3505 1236 3558 iirasm.

219 3578 261 3627 ol.
271 3579 393 3644 fastigio
410 3577 483 3640 Pras.
498 3593 523 3626 u.
541 3575 589 3626 iso.
605 3571 670 3642 [Cir.
686 3577 717 3624 Α.
732 3573 804 3641 89η.
952 3574 993 3624 56.
1015 3581 1147 3625 cresceret
1160 3573 1188 3626 ΙΙ.

151 3644 195 3693 59.
215 3660 263 3711 qno
277 3647 307 3696 Α.
446 3647 489 3697 63.
510 3649 612 3696 renatis
625 3659 650 3695 a.

205 3764 248 3812 ol.
267 3763 395 3830 spiravit]
417 3773 489 3827 sunt,
511 3767 553 3830 qui
568 3767 598 3817 de
615 3765 692 3815 emis·
734 3762 817 3813 ctione
830 3760 958 3824 ciuuVirg.
968 3763 1030 3811 Aen.
1041 3760 1060 3824 Ι,
1073 3763 1132 3812 408.
1147 3790 1181 3798 -
1194 3764 1272 3833 limo]

154 3832 224 3881 sione
239 3833 346 3896 spiritns
359 3836 441 3882 sancti
462 3834 487 3881 tc
500 3835 605 3885 verbnm
625 3833 693 3883 ecci·
733 3830 785 3882 vil.
801 3829 847 3895 Ep.
862 3830 893 3880 ad
910 3829 1017 3896 Philipp.
1038 3830 1063 3892 2,
1079 3833 1108 3892 7,
1134 3831 1221 3883 Setini.
1240 3833 1270 3897 ΙΙ,

155 3901 232 3967 piant.
253 3900 336 3951 Sensu
349 3902 466 3967 ampliori
478 3903 508 3951 de
521 3909 612 3969 quavis
626 3916 693 3952 ema·
735 3901 750 3950 6
768 3901 870 3951 Beatus
888 3904 987 3948 cercior
1003 3900 1091 3950 seculi
1101 3900 1201 3952 Seroiie
1213 3919 1273 3953 cor-

155 3970 259 4020 ustione
284 3984 314 4019 eo
344 3976 446 4018 veteres
469 3972 609 4037 scriptores
634 3987 693 4020 usos
731 3986 784 4037 pus
800 3967 898 4018 induit.

155 4046 241 4089 notum
260 4044 308 4087 esl.
336 4035 468 4101 Significat
486 4042 606 4120 spirando
619 4040 693 4091 emit·
787 4039 827 4087 54.
851 4034 1045 4104 perscsie'de'c]
1066 4037 1137 4104 Virg.
1159 4040 1209 4090 eci.
1229 4039 1271 4103 lv,

155 4116 227 4166 tere,
263 4105 400 4166 exhalare,
435 4121 568 4173 exspirare
601 4108 691 4158 Claud.
735 4108 764 4158 61
787 4105 875 4157 Matri
892 4105 1072 4171 iorgsdeeem
1087 4108 1273 4175 tuleruntso-

157 4176 230 4244 Rapt.
247 4176 316 4227 Pros.
331 4176 351 4241 Ι,
368 4175 424 4233 iol,
447 4174 560 4228 iuvenal.
575 4177 629 4240 vit,
646 4177 689 4227 lii
734 4176 819 4228 siidia
831 4190 942 4225 menses.

156 4246 285 4297 Immensc
298 4249 358 4296 caor'
368 4248 476 4312 spirant
488 4245 627 4296 mendacin
633 4245 693 4310 soi·
788 4244 831 4294 59.
850 4245 980 4295 novellum
994 4242 1125 4312 seculum]
1148 4243 1182 4296 ie.
1204 4245 1229 4308 9,
1245 4247 1270 4298 6.

156 4312 492 4379 iss,Val.Flecc.Vi,155.
522 4314 558 4365 ne
577 4320 692 4365 constru-
736 4313 784 4366 nse
796 4313 853 4365 nori
868 4312 978 4364 foederis
993 4321 1098 4379 tempos.
