2842 4808
551 297 766 350 unonnuosrs.
1186 307 1227 368 95

181 493 243 538 non
260 478 388 553 genitus
403 479 529 554 genitor
543 485 719 561 generavit,
739 490 770 546 ει
787 500 869 548 unus
884 492 916 547 et
931 501 1040 567 unum,

183 573 309 649 integer
322 575 493 652 integrum,
511 592 573 638 non
590 581 744 652 coeptum,
764 578 817 640 sed
834 583 936 641 lamen
953 587 1068 660 ortum,
1176 598 1226 648 aio

182 669 214 725 ει
229 671 471 742 conperpetuum
488 674 572 731 retro
589 667 693 732 Patris
709 674 741 731 el
756 668 852 733 Patre
866 676 986 734 uatum.

181 755 242 822 Sed
260 773 317 821 nee
333 761 457 823 decisus
473 759 569 825 Pater
585 767 645 839 est,
665 767 700 824 ul
714 779 788 839 pars
802 762 907 827 Palrls
924 771 1009 829 esset

180 851 293 931 Filius,
312 857 484 918 extendens
501 874 558 919 nee
574 874 608 919 se
624 860 800 921 suhslantia
816 861 940 923 tractim

181 950 328 1023 produxit
343 951 495 1012 minuitve
510 953 626 1027 aliquid
644 952 681 1013 de
697 954 824 1014 numine
839 955 942 1030 pleno,

182 1042 253 1104 dum
271 1049 388 1105 mutata
406 1060 520 1108 novum
536 1048 678 1122 qroeudlt
693 1049 794 1122 portio
810 1053 929 1109 natum.

180 1134 252 1198 Non
268 1139 494 1212 eonvertihills,
512 1155 570 1200 neo
587 1141 785 1201 demutabilis
801 1155 938 1216 unquam

181 1237 229 1293 εει
245 1230 342 1305 Deus,
361 1237 416 1294 aut
431 1235 590 1309 gignendo
606 1235 723 1309 allquid
740 1235 800 1295 slhi
816 1235 969 1296 detrahit:
987 1238 1074 1311 alqui

180 1328 267 1384 totus
283 1328 369 1385 etex
385 1328 451 1385 loto
467 1322 554 1386 Deus
570 1329 629 1402 est,
649 1326 686 1385 de
702 1325 819 1387 lumino
834 1326 949 1387 lumen.

182 1416 315 1500 Quando
330 1425 435 1481 autom
450 1421 557 1482 lumen
574 1423 643 1482 sine
658 1423 788 1497 lumine,
805 1423 928 1497 quando
943 1423 1106 1501 relulgons

180 1515 237 1576 lux
254 1515 377 1591 hilgore
392 1521 489 1592 carot,
507 1519 631 1592 quando
647 1522 696 1579 est
711 1523 747 1579 nt
762 1519 903 1594 proditus
919 1519 1004 1594 ignis
1173 1534 1223 1584 roo

181 1609 283 1685 iguem
301 1610 464 1688 diminuat,
483 1613 606 1687 quando
623 1611 718 1674 Pater
732 1618 764 1674 et
779 1611 866 1674 Deus
882 1617 914 1674 et
928 1613 995 1689 lux,

180 1720 241 1766 non
257 1706 339 1768 lueis
354 1704 442 1770 Deus
458 1712 490 1769 et
505 1706 600 1770 Pater
615 1710 684 1770 esti
706 1710 759 1785 qul
775 1710 802 1770 sl
818 1706 913 1770 Pater
927 1709 1001 1771 olim

180 1815 241 1862 non
259 1802 320 1863 lull
335 1807 488 1865 et-serum
504 1805 616 1880 genuit
631 1809 702 1880 nost
719 1808 857 1878 tempora
874 1807 993 1881 nalum,

184 1896 220 1956 ut
235 1909 347 1973 novus,
365 1898 461 1973 inque
477 1913 591 1959 novum
606 1899 656 1959 lus
673 1899 806 1974 prolicit.
831 1897 935 1976 Ahslt,
954 1903 990 1960 ut
1004 1914 1143 1976 unquam

179 1989 289 2064 plenus
305 1992 459 2068 nrollolal,
478 1992 531 2067 qui
548 2006 608 2052 non
626 1996 699 2066 eget
714 1994 917 2053 incremento.
1172 2007 1222 2058 285

179 2081 223 2144 Et
239 2082 323 2146 Deus
339 2089 371 2146 et
385 2086 510 2162 genitor
524 2087 691 2161 lumenque
706 2091 737 2147 ei
752 2088 854 2162 gloria
869 2102 992 2162 semper

179 2182 232 2243 ille
249 2184 321 2259 luit,
340 2199 396 2245 nee
412 2189 482 2259 nost
497 2185 556 2245 sihi
573 2185 719 2260 eontulit,
740 2189 774 2246 ut
788 2181 885 2246 Pater
899 2189 996 2247 esset.

181 2271 233 2338 Sio
250 2276 294 2350 ut,
313 2280 348 2337 nt
364 2282 523 2340 aeternum
540 2279 704 2339 credamus
720 2293 791 2340 eum
806 2275 902 2340 Patre
918 2275 1092 2358 Christum,

179 2371 234 2431 illo
250 2376 378 2434 auctore
394 2376 509 2447 satum,
528 2373 578 2433 eui
595 2374 702 2434 nullus
718 2375 853 2450 praetuli
868 2379 990 2437 auctor.
1014 2405 1017 2409 >

246 2465 330 2528 llaec
345 2473 381 2530 tu
397 2469 424 2530 si
441 2468 564 2530 duhllas
581 2470 645 2530 nati
662 2471 813 2546 mysteria
829 2466 961 2545 Christi,
1062 2498 1064 2503 ·
1171 2483 1222 2534 loo

179 2559 310 2634 perdite,
329 2560 482 2623 catholica
498 2578 559 2625 non
576 2579 610 2624 es
626 2565 664 2625 de
679 2565 778 2639 nlehe,
797 2565 850 2623 sed
868 2578 950 2625 unus
1214 2579 1218 2585 ’

180 2654 218 2714 de
233 2667 331 2730 grege
347 2656 491 2732 turiiero,
509 2662 677 2720 venerator
692 2655 929 2734 deucalionum,

161 2870 221 2920 269.
240 2872 385 2932 generavit
397 2875 424 2919 ei
436 2886 468 2920 ex
483 2871 580 2921 Heinsii
592 2871 740 2921 coniectura
753 2871 830 2934 obl,
849 2875 993 2936 generauit
1009 2868 1064 2920 AB
1083 2869 1138 2920 rut.
1154 2871 1221 2923 dell.

91 2937 185 3001 Toni,
203 2944 385 3004 generaverat
396 2954 420 2987 m
434 2947 460 2988 ει
471 2956 515 3005 pro
528 2941 578 2990 div.
594 2941 654 2990 lect.
671 2956 702 3005 q,
720 2944 895 3003 generaverit
906 2937 1003 2990 Weiss.
1020 2955 1075 2988 cum
1090 2947 1151 2990 eett.

126 3009 186 3058 271.
210 3008 245 3056 dt
264 3013 486 3071 comperpetuum
504 3025 534 3073 q;
560 3015 635 3058 retro
655 3009 746 3057 Patris
760 3014 789 3058 et
807 3010 829 3059 Α
844 3008 862 3058 E
877 3007 898 3058 'l'
913 3007 970 3058 Pul.
986 3025 1003 3057 α
1022 3025 1037 3057 u
1053 3007 1139 3057 lleius.
1155 3008 1219 3059 dell.

91 3075 178 3138 ouh,
198 3080 274 3124 retro
287 3075 367 3125 Patri
377 3075 424 3125 sed
437 3075 534 3126 Weiss.
557 3078 571 3125 b
585 3094 599 3143 q
614 3076 710 3126 Weitz.
726 3078 819 3127 hmslr.
838 3078 933 3140 Aren,
959 3083 1035 3128 rotro
1056 3077 1164 3127 Prata-ir
1176 3079 1224 3128 sert

92 3159 142 3194 sm
158 3143 216 3193 illd.
231 3142 329 3206 uaga,
350 3144 444 3193 Patris
457 3150 530 3195 retro
543 3145 592 3196 sed
603 3144 672 3196 stou.
683 3153 735 3195 ires
748 3144 768 3194 F
770 3146 826 3195 abr.
842 3146 920 3196 Cher.
938 3145 1038 3208 Postu,
1056 3145 1133 3195 Patri
1147 3152 1222 3197 retro

92 3219 119 3264 ei
139 3213 222 3262 inisse
241 3211 360 3261 Heinsius
381 3213 522 3262 existimat.
696 3214 756 3264 273.
784 3220 904 3264 tracium
925 3216 974 3275 la,
1003 3217 1096 3263 tactim
1113 3211 1141 3262 E.

136 3281 199 3330 274.
221 3281 377 3330 minuitve!
390 3280 466 3344 liul.;
486 3284 593 3332 nomine
605 3282 625 3331 Α
639 3298 664 3332 n.
805 3284 864 3332 275.
883 3283 1012 3346 producit
1024 3285 1116 3345 portio
1130 3282 1224 3347 aliquis

92 3350 190 3400 notavit
204 3348 231 3398 in
243 3363 325 3412 marg.
341 3347 448 3400 Weilzii
462 3351 503 3400 ed.
519 3365 549 3416 sp
564 3352 641 3400 Arev.
730 3351 788 3399 277.
804 3353 900 3416 atquin
915 3365 939 3412 u,
954 3355 1037 3416 nique
1050 3349 1107 3397 Ald.
1122 3348 1204 3409 and.

142 3418 204 3468 278.
225 3422 252 3467 ei
264 3433 314 3467 om.
329 3433 345 3466 a
358 3433 384 3467 n.
519 3420 579 3468 279.
600 3419 650 3468 Iria:
663 3423 704 3466 est
717 3434 739 3483 p.
756 3419 845 3468 lernaea
860 3434 884 3466 u.
1013 3418 1072 3466 iso.
1101 3419 1223 3482 ›rodigrts

92 3483 110 3535 R
125 3485 179 3536 Gis.
195 3501 227 3535 ex
241 3493 293 3535 vel.
309 3486 365 3535 eod.
382 3504 405 3549 p.
420 3486 470 3536 483
484 3494 538 3537 tres
552 3488 708 3538 recentiores
722 3486 853 3536 Heinsiuni
871 3486 912 3535 2η
925 3500 940 3550 q
953 3484 1010 3533 illd.
1027 3434 1106 3543 uugi.
1123 3482 1221 3533 Waltz.

91 3556 154 3618 (non
169 3553 254 3616 BW).
277 3553 340 3604 Erre.
355 3570 425 3605 voce.
441 3556 550 3620 quando
563 3563 604 3605 est
617 3563 649 3605 ai
656 3555 785 3619 proditur
798 3558 869 3620 rhais
882 3555 971 3618 Ignem
987 3551 1124 3601 diminuat
1136 3567 1163 3599 u.

158 3623 221 3674 281.
241 3622 385 3674 deremitat
395 3623 452 3673 ulo.
469 3623 551 3686 Lngd.
564 3623 634 3674 Sieh.
644 3632 697 3674 tres
710 3622 786 3673 Febr.
802 3622 858 3672 Gis.
880 3621 957 3672 Chor.
972 3619 1056 3670 Poetl.
1071 3618 1154 3682 dell,
1178 3619 1223 3669 sed

90 3689 138 3741 eir.
155 3690 184 3743 S.
199 3690 233 3754 ll,
247 3692 307 3741 553.
448 3692 507 3742 282.
529 3697 558 3741 ai
572 3693 654 3742 Pater
667 3689 720 3742 Gis.
735 3692 754 3755 l,
775 3697 824 3741 ant
836 3691 903 3740 coni.
919 3692 1008 3751 Arem,
1025 3695 1108 3755 paler
1120 3694 1149 3738 ει
1159 3687 1223 3738 deur

90 3765 130 3809 est
144 3758 204 3809 Rei.
358 3761 417 3812 299.
437 3776 543 3811 seruum
558 3759 640 3825 Lagd.
791 3760 851 3810 294.
870 3760 982 3824 proficit
996 3773 1073 3823 snpra
1087 3762 1181 3807 erescit
1195 3774 1223 3820 o,

94 3829 160 3893 qnod
179 3828 292 3890 glossam
304 3835 375 3895 puto.
542 3829 602 3880 295.
623 3833 702 3894 neget
717 3828 725 3876 l
739 3842 772 3877 m.
925 3828 985 3879 290.
1006 3826 1110 3878 dubites
1130 3827 1147 3876 li
1162 3824 1194 3877 W
1209 3827 1223 3874 h

89 3911 113 3945 m
126 3913 140 3963 q
155 3895 254 3947 Weilz.

141 4075 204 4126 292.
224 4075 265 4124 De
276 4090 359 4142 grego
373 4075 503 4142 turifera]
518 4091 548 4125 ex
559 4091 638 4142 pugn·
681 4076 821 4125 menhorst.
837 4075 868 4125 ud
878 4075 975 4126 Arnoh.
985 4075 1006 4137 l,
1017 4074 1093 4140 p.37.
1108 4101 1141 4109 -
1156 4071 1225 4120 Den-

89 4143 130 4193 uis
142 4159 219 4193 unm.
241 4144 328 4193 Barth.
344 4144 408 4193 Λᾶν.
425 4143 494 4206 XLl,
509 4145 554 4205 24,
576 4145 637 4194 Sen.
681 4144 828 4206 rationum]
843 4144 951 4208 pluralis
968 4157 1034 4192 num.
1049 4139 1222 4204 contemnum.

91 4210 156 4262 oet.
171 4213 241 4273 396,
267 4211 353 4262 Schol.
369 4213 400 4261 ad
415 4212 480 4262 Stat.
496 4210 577 4263 Theb.
595 4212 637 4275 lV,
683 4212 739 4262 Cir.
756 4212 781 4262 P.
797 4211 832 4274 X,
846 4214 907 4262 llll.

91 4283 118 4343 l,
131 4282 200 4343 411,
222 4280 331 4345 August,
346 4280 374 4330 C.
390 4279 420 4332 D.
435 4279 506 4343 XVI,
521 4281 570 4340 38,
598 4281 639 4330 lll-
