2842 4778
566 302 785 356 aruritensis

200 488 277 555 na!
287 485 366 563 Deo,
385 493 456 551 nate
472 490 604 565 sceptris
621 493 653 550 et
665 489 807 566 germine
822 487 933 566 David,

201 584 272 660 quis
288 585 349 659 sis,
368 585 439 660 quid
457 586 582 646 venias:
601 601 660 661 uua
678 602 735 648 nos
750 588 868 648 virtute
883 586 1028 663 repellas,

200 680 356 754 novimus,
375 681 590 756 adventusque
606 682 651 742 tui
670 686 790 745 terrore
807 683 956 743 iacemus.
1193 693 1244 742 sno

266 771 363 849 Haec,
383 770 507 850 iudaea,
527 780 597 836 tuas
614 790 675 837 uox
693 792 752 838 non
770 777 964 853 pervenitad
981 778 1094 839 aures?

198 865 368 932 Pervenit:
388 876 520 932 mentem
538 873 668 932 sednon
686 874 861 948 penetramt
877 886 1007 947 egenam

199 965 290 1040 ineis,
310 970 341 1026 et
357 967 498 1041 aprinis
517 967 634 1028 iorihus
651 968 786 1029 disclusa
803 967 933 1043 refugit.

199 1059 312 1123 Audiit
327 1063 494 1125 adventum
512 1060 647 1139 Domini,
666 1079 757 1140 quem
773 1064 850 1125 solis
868 1061 974 1125 iiiheri

199 1172 313 1233 vesper
327 1160 429 1232 hehet,
449 1174 560 1222 roseus
577 1165 608 1221 et
621 1176 710 1236 quem
727 1176 827 1223 novus
843 1160 958 1236 exeipit
973 1163 1073 1222 ortus.
1195 1172 1244 1218 ms

202 1248 338 1315 Laxavit
352 1251 519 1330 Scythicas
536 1257 628 1316 rerho
644 1260 826 1332 penetrante
842 1255 971 1331 pruinas

199 1362 261 1408 vox
278 1350 474 1425 evangeliea,
494 1348 659 1427 Hyreanas
676 1365 801 1427 quoque
816 1350 936 1412 fervida
952 1349 1079 1411 hrumas

199 1443 304 1519 solvit,
324 1449 360 1506 ut
375 1451 490 1508 exutus
506 1447 608 1521 glaeie
624 1448 684 1509 inin
701 1448 824 1508 moiiior
839 1447 939 1508 amnis

200 1533 360 1601 Caucasea
377 1542 414 1602 do
429 1547 500 1604 cote
515 1543 592 1605 iiuat
610 1540 807 1620 Rhodopeius
826 1541 961 1605 Hehrus.

198 1630 411 1698 Mansuevere
428 1636 538 1712 Getae,
557 1638 728 1715 feritasque
744 1644 876 1702 cruenta
892 1635 1003 1701 Geloni
1194 1646 1244 1694 ⁴³⁰

198 1728 279 1789 tacte
298 1744 382 1791 mero
398 1733 509 1794 sitiens
526 1736 683 1810 exanguia
700 1737 810 1810 poeula
827 1736 938 1796 miscet

199 1824 330 1885 libatura
349 1841 456 1888 sacros
473 1823 593 1889 Christi
610 1830 647 1889 de
663 1831 818 1905 sunguine
838 1833 948 1905 potus:

199 1922 286 1981 novit
302 1924 334 1981 et
350 1921 491 1982 Atiuutis
508 1922 625 1997 pridem
642 1925 732 1999 plaga
750 1925 866 2000 periida
881 1919 998 1997 Mauri,

199 2014 312 2076 dedere
329 2014 460 2074 crinitos
477 2014 514 2073 ad
534 2010 653 2077 Christi
670 2016 781 2077 altaria
796 2031 901 2091 reges.

262 2105 312 2170 Ex
327 2124 389 2184 quo
407 2110 570 2170 meridiem
586 2111 793 2185 praestrinxit
808 2111 938 2186 spiritus
953 2109 1071 2180 aivum,
1193 2119 1242 2167 ras

199 2203 329 2279 spiritus
344 2204 397 2264 iiie
414 2201 483 2279 Det,
501 2202 588 2266 Deus
605 2210 636 2268 et
651 2220 686 2267 se
701 2218 831 2282 corpure
847 2204 955 2267 matris

199 2299 300 2360 induit
315 2303 409 2375 atque
425 2301 579 2362 hominem
596 2302 633 2362 de
650 2303 832 2377 virginitate
847 2301 984 2364 creavit:

200 2390 349 2470 Deiphiea
364 2395 540 2472 dampnatis
557 2400 726 2458 tacuerunt
741 2396 879 2458 sortthus
895 2400 997 2470 antra,

200 2505 261 2551 non
278 2491 418 2567 tripodas
435 2493 556 2552 eortina
572 2493 663 2567 tegit,
681 2506 741 2552 non
758 2494 883 2566 spumat
898 2489 1028 2552 anhelus

184 2628 244 2678 titt.
266 2644 314 2678 noe
329 2633 355 2678 te
368 2632 482 2694 sceptris
496 2645 526 2694 q,
541 2633 604 2678 nate
618 2644 653 2676 ea
666 2631 779 2692 sceptris
794 2645 819 2689 u,
833 2633 897 2676 nuta
910 2632 938 2676 et
949 2629 1066 2691 sceptris
1080 2623 1154 2674 Fater.
1171 2624 1226 2676 Gis.

148 2697 209 2745 tis.
232 2698 296 2762 Quis
317 2705 369 2746 tres
389 2699 545 2747 vetustiores
566 2697 664 2746 iieinsii
686 2696 762 2746 Laur.
786 2695 843 2745 uas.
864 2695 983 2745 sunit.
1007 2693 1086 2755 and.
1109 2695 1243 2744 stehtres

114 2764 170 2815 Gis.
187 2765 194 2814 Ι
210 2764 287 2816 Chor.
304 2766 386 2815 Paeti.
402 2769 496 2817 hmstr.
513 2766 579 2816 ceti.
595 2766 672 2829 uhu,
694 2768 746 2832 Qui
759 2763 862 2816 iderr.
877 2763 975 2814 Weiss.
988 2763 1085 2813 Cnueh.
1097 2762 1172 2814 Febr.
1186 2764 1241 2813 Gis.

116 2834 204 2885 iieins.
224 2835 321 2896 Aram,
343 2834 446 2900 Qutdii
461 2835 479 2884 ΙΙ
493 2853 510 2884 u
525 2837 539 2884 Ιι
552 2851 574 2884 ιιι
589 2851 604 2900 q
618 2834 714 2886 Weitz.
737 2833 834 2901 [Burm.
854 2832 884 2883 nd
906 2833 1010 2883 ΑιιΙΙιοΙ.
1026 2833 1045 2895 Ι,
1065 2849 1087 2898 p.
1103 2833 1162 2882 tet.
1183 2837 1243 2899 quis

114 2902 167 2953 dei.
182 2903 254 2953 Cori.
269 2905 300 2953 ad
315 2904 410 2954 Lucan.
428 2903 564 2970 vttsiop.
681 2905 740 2954 tii.
763 2909 824 2954 tuus
839 2902 912 2964 Prnp.
928 2918 960 2968 q3
981 2918 1034 2952 aon
1047 2918 1109 2951 ιιιιιιι
1124 2902 1172 2967 tq.

148 2972 209 3021 its.
230 2972 351 3022 diseussa
367 2974 441 3035 Prnp.
564 2973 623 3025 itt.
642 2975 716 3023 solus
731 2990 745 3039 q
758 2975 818 3037 (non
833 2972 924 3034 Laur.)
939 2970 996 3021 nid.
1013 2970 1093 3030 tuga.
1108 2971 1177 3021 stet.
1190 2980 1228 3022 tre

114 3040 190 3090 Ghor.
208 3039 289 3091 Poett.
407 3043 465 3093 tis.
488 3059 581 3093 roseus
596 3045 614 3093 h
630 3043 670 3092 ia
683 3057 698 3091 a
711 3044 725 3091 Ιι
740 3059 761 3092 ιιι
776 3057 790 3107 q
805 3059 820 3090 u
835 3042 891 3091 nid.
907 3041 988 3105 Lngd.
1009 3041 1078 3091 stet.
1090 3050 1142 3091 ires
1163 3039 1231 3091 ΙίιΙιι

115 3108 170 3160 Gis.
186 3108 282 3161 Weitz.
297 3110 373 3160 Cher.
389 3110 470 3160 Pneii.
486 3113 579 3161 dmstr.
596 3114 673 3161 Areu.
689 3110 754 3161 ott.
772 3111 826 3176 (qui
839 3127 893 3160 euin
906 3110 964 3161 hid.
977 3109 1057 3175 Lugd.
1075 3109 1128 3159 Gis.
1144 3109 1240 3161 Weiia.

115 3179 192 3227 Giton.
209 3178 292 3229 Poeti.
303 3183 395 3230 hmstr.
411 3180 476 3229 muie
492 3189 615 3231 aenimate
625 3181 760 3243 distinguit
773 3187 829 3246 pust
842 3179 959 3242 roseus),
973 3195 1063 3228 roseos
1080 3182 1126 3242 Ιιι,
1141 3179 1244 3244 Vesper

115 3247 203 3308 dabat,
218 3263 310 3298 roseos
323 3254 350 3300 et
364 3253 411 3313 qui
425 3248 442 3298 it
455 3247 477 3298 T
489 3249 546 3299 Pnt.
562 3248 651 3300 Tire.
668 3249 754 3299 Hesus.
771 3248 836 3300 deit.
955 3246 1013 3296 tia.
1027 3250 1142 3311 gloriam
1157 3247 1188 3298 N.

149 3316 209 3365 tiu.
222 3317 295 3381 fluit
308 3316 354 3367 Gis
373 3336 380 3381 ς
401 3319 513 3368 Hiberus
528 3321 560 3378 Α,
582 3320 681 3368 Gedros
697 3318 751 3369 tut.
866 3317 924 3366 tsu.
945 3317 1070 3379 getarum
1086 3316 1161 3378 Prsg.

142 3412 147 3423 ·
182 3385 243 3434 tat.
264 3401 342 3435 sarra
356 3389 385 3436 it.
510 3389 571 3436 iss.
583 3386 697 3450 servitia
712 3386 743 3435 W
760 3386 862 3451 (supra)
878 3383 975 3434 Weitz.
1109 3387 1168 3435 iss.
1180 3402 1243 3449 per-

113 3451 232 3503 strinxit
245 3452 266 3503 h
280 3453 300 3503 tt
315 3453 332 3503 Ρ
347 3470 361 3504 a
375 3472 406 3516 u,
435 3456 478 3504 sed
491 3461 610 3519 proestr.
625 3455 654 3518 (i.
671 3470 694 3503 e.
715 3455 830 3515 diruere)
853 3454 984 3517 tegendum
1005 3468 1060 3500 essa
1079 3453 1118 3501 hie
1136 3459 1162 3502 et
1181 3454 1240 3504 332.

114 3520 158 3571 Pa.
173 3522 223 3571 335
237 3530 287 3573 ete.
303 3524 333 3572 ad
351 3525 437 3572 Boetia.
453 3540 477 3590 p.
496 3525 542 3575 ist
556 3524 644 3572 doeuit
657 3523 733 3586 oth,
751 3525 917 3589 praestrinxit
932 3520 1005 3569 Febr.
1120 3524 1180 3570 iud.
1195 3525 1240 3588 h'p.

114 3591 160 3641 itte
175 3591 247 3640 Deus
260 3590 282 3641 T
296 3592 350 3643 Put.
368 3591 465 3647 Heius..
481 3593 511 3642 rit
522 3591 555 3641 ds·
568 3591 666 3642 Weiss.
769 3594 830 3641 333.
851 3594 996 3639 inerserunt
1009 3586 1060 3637 Gii'.
1078 3590 1093 3637 Ι.
1108 3591 1125 3638 Ι.
1140 3607 1163 3656 p.
1174 3592 1241 3654 399;

114 3660 241 3711 sordidos
253 3675 277 3710 n.
383 3661 443 3710 iss.
466 3662 592 3724 Contrip.
607 3664 645 3724 Ας
665 3665 732 3723 tegit
745 3662 759 3710 b
774 3660 829 3709 Gis.
844 3659 939 3709 Weitz.
956 3656 1042 3707 Heius.
1059 3659 1146 3710 Citam.
1163 3660 1241 3725 oth,

114 3732 186 3795 ragit
200 3730 218 3779 ΙΙ
233 3728 265 3778 W
280 3728 356 3780 Laus.
372 3747 389 3778 u
403 3745 417 3778 a
430 3744 453 3778 m
467 3745 482 3795 q
497 3745 512 3778 u
532 3729 592 3780 hid.
608 3730 687 3795 bugd.
704 3728 774 3779 sien.
787 3737 840 3779 ires
862 3727 938 3778 Febr.
954 3726 1032 3776 cuer.
1048 3727 1130 3779 Paeti.
1145 3733 1240 3782 Ateste.

113 3797 180 3848 dett.
194 3798 272 3849 Ares.

167 3909 228 3960 423.
252 3909 377 3976 foribus]
403 3915 511 3962 aurium
544 3916 656 3962 tuorum
701 3909 771 3962 Unde
786 3910 866 3975 ipsum
886 3910 1009 3975 tripodem
1028 3910 1154 3973 signidem
1168 3910 1240 3962 Suet.

114 3977 150 4041 gl.
166 3993 206 4044 up.
223 3976 288 4029 Mar.
700 3980 756 4030 Oet.
774 3981 838 4043 hug.
852 3978 904 4030 tii.
920 3983 1005 4046 Atque
1017 3982 1093 4030 etiam
1107 3989 1242 4044 argenteas

699 4055 801 4099 siutuss
815 4050 874 4099 oiim
886 4049 937 4099 sibi
950 4050 1049 4117 positas
1059 4049 1180 4099 continuit
1190 4065 1242 4100 om-

166 4117 229 4167 tes.
249 4114 368 4181 cortino]
389 4115 533 4182 operculum
552 4117 657 4182 tripodis
700 4135 744 4168 nos
757 4134 839 4183 empne
852 4119 883 4168 iis
896 4135 990 4169 aurens
1002 4118 1114 4169 cortinas
1126 4118 1240 4183 Apoiiini

115 4200 162 4235 sen
180 4192 352 4250 tegumentum
375 4201 492 4237 aeneum.
514 4185 568 4236 Gir.
588 4185 654 4237 Piin.
700 4187 818 4237 Palatino
848 4188 992 4250 dedicarit,
1025 4185 1067 4237 vei
1098 4186 1239 4241 oraculum.

116 4253 147 4303 ΙΙ.
163 4252 195 4304 it.
209 4253 335 4318 xxxiv,
353 4256 380 4319 3,
394 4256 419 4319 8,
436 4253 506 4319 Virp.
526 4257 591 4307 Αιιι.
611 4254 656 4321 ΙΙΙ,
701 4255 772 4321 Virg.
799 4261 862 4308 hen.
886 4255 931 4321 Vi,
955 4258 1003 4307 stt
1106 4271 1190 4323 neque
1213 4261 1240 4309 ts

116 4323 150 4373 92
168 4326 275 4391 mugire
295 4324 386 4392 adytis
406 4327 512 4377 eortina
532 4324 655 4377 reclusis.
700 4326 799 4377 Pdoaiis'
809 4325 1042 4393 eorttsasffalts't.
