<?xml version="1.0" encoding="UTF-8"?>
<!DOCTYPE html PUBLIC "-//W3C//DTD XHTML 1.0 Transitional//EN"
    "http://www.w3.org/TR/xhtml1/DTD/xhtml1-transitional.dtd">
<html xmlns="http://www.w3.org/1999/xhtml" xml:lang="en" lang="en">
 <head>
  <title>
</title>
<meta http-equiv="Content-Type" content="text/html;charset=utf-8" />
  <meta name='ocr-system' content='tesseract 3.04.00' />
  <meta name='ocr-capabilities' content='ocr_page ocr_carea ocr_par ocr_line ocrx_word'/>
</head>
<body>
  <div class='ocr_page' id='page_1' title='image "./quaeexstantcarm00dresgoog_0069.png"; bbox 0 0 2842 4808; ppageno 0'>
   <div class='ocr_carea' id='block_1_1' title="bbox 147 312 838 367">
    <p class='ocr_par' dir='ltr' id='par_1_1' title="bbox 147 312 838 367">
     <span class='ocr_line' id='line_1_1' title="bbox 147 312 838 367; baseline 0.01 -9"><span class='ocrx_word' id='word_1_1' title='bbox 147 317 189 359; x_wconf 72' lang='lat' dir='ltr'><strong>tx</strong></span> <span class='ocrx_word' id='word_1_2' title='bbox 574 312 838 367; x_wconf 79' lang='lat' dir='ltr'><strong>rnotneunens.</strong></span> 
     </span>
    </p>
   </div>
   <div class='ocr_carea' id='block_1_2' title="bbox 144 480 1281 941">
    <p class='ocr_par' dir='ltr' id='par_1_2' title="bbox 144 480 1281 941">
     <span class='ocr_line' id='line_1_2' title="bbox 146 480 1280 568; baseline 0.002 -24"><span class='ocrx_word' id='word_1_3' title='bbox 146 483 209 546; x_wconf 87' lang='lat' dir='ltr'><strong>loll.</strong></span> <span class='ocrx_word' id='word_1_4' title='bbox 236 491 275 547; x_wconf 84' lang='lat'><strong>95</strong></span> <span class='ocrx_word' id='word_1_5' title='bbox 292 506 357 567; x_wconf 90' lang='lat' dir='ltr'><strong>sqq.</strong></span> <span class='ocrx_word' id='word_1_6' title='bbox 383 495 430 547; x_wconf 91' lang='lat' dir='ltr'><strong>est</strong></span> <span class='ocrx_word' id='word_1_7' title='bbox 450 485 552 568; x_wconf 82' lang='lat' dir='ltr'><strong>passio</strong></span> <span class='ocrx_word' id='word_1_8' title='bbox 569 484 705 547; x_wconf 84' lang='lat' dir='ltr'><strong>Romani.</strong></span> <span class='ocrx_word' id='word_1_9' title='bbox 737 484 829 559; x_wconf 89' lang='lat' dir='ltr'><strong>Puto,</strong></span> <span class='ocrx_word' id='word_1_10' title='bbox 853 501 921 545; x_wconf 88' lang='lat' dir='ltr'><strong>esse</strong></span> <span class='ocrx_word' id='word_1_11' title='bbox 943 503 1010 546; x_wconf 90' lang='lat' dir='ltr'><strong>cnm</strong></span> <span class='ocrx_word' id='word_1_12' title='bbox 1033 480 1218 565; x_wconf 85' lang='lat' dir='ltr'><strong>descriptum</strong></span> <span class='ocrx_word' id='word_1_13' title='bbox 1239 502 1280 546; x_wconf 78' lang='lat' dir='ltr'><strong>ex</strong></span> 
     </span>
     <span class='ocr_line' id='line_1_3' title="bbox 146 575 1281 660; baseline 0.003 -22"><span class='ocrx_word' id='word_1_14' title='bbox 146 575 277 640; x_wconf 76' lang='lat' dir='ltr'><strong>editione</strong></span> <span class='ocrx_word' id='word_1_15' title='bbox 292 577 491 654; x_wconf 84' lang='lat' dir='ltr'><strong>Fabriciann,</strong></span> <span class='ocrx_word' id='word_1_16' title='bbox 515 588 567 640; x_wconf 92' lang='lat' dir='ltr'><strong>aut</strong></span> <span class='ocrx_word' id='word_1_17' title='bbox 581 599 620 640; x_wconf 85' lang='lat' dir='ltr'><strong>ex</strong></span> <span class='ocrx_word' id='word_1_18' title='bbox 637 577 740 640; x_wconf 91' lang='lat' dir='ltr'><strong>eodcm</strong></span> <span class='ocrx_word' id='word_1_19' title='bbox 763 598 827 639; x_wconf 93' lang='lat' dir='ltr'><strong>cum</strong></span> <span class='ocrx_word' id='word_1_20' title='bbox 845 577 893 639; x_wconf 89' lang='lat' dir='ltr'><strong>illu</strong></span> <span class='ocrx_word' id='word_1_21' title='bbox 918 579 1000 639; x_wconf 84' lang='lat' dir='ltr'><strong>fonte</strong></span> <span class='ocrx_word' id='word_1_22' title='bbox 1016 575 1206 660; x_wconf 88' lang='lat' dir='ltr'><strong>provenisse.</strong></span> <span class='ocrx_word' id='word_1_23' title='bbox 1223 575 1281 641; x_wconf 75' lang='lat' dir='ltr'><strong>lle·</strong></span> 
     </span>
     <span class='ocr_line' id='line_1_4' title="bbox 145 669 1281 757; baseline 0.002 -26"><span class='ocrx_word' id='word_1_24' title='bbox 145 669 216 752; x_wconf 90' lang='lat' dir='ltr'><strong>liqui</strong></span> <span class='ocrx_word' id='word_1_25' title='bbox 231 671 283 734; x_wconf 91' lang='lat' dir='ltr'><strong>lib.</strong></span> <span class='ocrx_word' id='word_1_26' title='bbox 302 674 410 738; x_wconf 88' lang='lat' dir='ltr'><strong>Perist.</strong></span> <span class='ocrx_word' id='word_1_27' title='bbox 429 673 549 757; x_wconf 85' lang='lat' dir='ltr'><strong>hymni,</strong></span> <span class='ocrx_word' id='word_1_28' title='bbox 575 673 624 755; x_wconf 90' lang='lat' dir='ltr'><strong>qui</strong></span> <span class='ocrx_word' id='word_1_29' title='bbox 641 675 670 736; x_wconf 92' lang='lat' dir='ltr'><strong>in</strong></span> <span class='ocrx_word' id='word_1_30' title='bbox 687 673 757 737; x_wconf 87' lang='lat' dir='ltr'><strong>bibl.</strong></span> <span class='ocrx_word' id='word_1_31' title='bbox 776 673 854 736; x_wconf 90' lang='lat' dir='ltr'><strong>Vall.</strong></span> <span class='ocrx_word' id='word_1_32' title='bbox 872 679 1046 748; x_wconf 84' lang='lat' dir='ltr'><strong>servantur,</strong></span> <span class='ocrx_word' id='word_1_33' title='bbox 1063 690 1159 753; x_wconf 88' lang='lat' dir='ltr'><strong>aeque</strong></span> <span class='ocrx_word' id='word_1_34' title='bbox 1173 690 1281 733; x_wconf 88' lang='lat' dir='ltr'><strong>receu-</strong></span> 
     </span>
     <span class='ocr_line' id='line_1_5' title="bbox 146 765 1278 854; baseline 0.007 -29"><span class='ocrx_word' id='word_1_35' title='bbox 146 765 216 827; x_wconf 90' lang='lat' dir='ltr'><strong>tiori</strong></span> <span class='ocrx_word' id='word_1_36' title='bbox 240 787 316 830; x_wconf 90' lang='lat' dir='ltr'><strong>aevo</strong></span> <span class='ocrx_word' id='word_1_37' title='bbox 340 768 498 851; x_wconf 89' lang='lat' dir='ltr'><strong>conscripti</strong></span> <span class='ocrx_word' id='word_1_38' title='bbox 523 778 601 830; x_wconf 90' lang='lat' dir='ltr'><strong>sunt.</strong></span> <span class='ocrx_word' id='word_1_39' title='bbox 640 765 830 854; x_wconf 68' lang='lat' dir='ltr'><strong>Quapropter</strong></span> <span class='ocrx_word' id='word_1_40' title='bbox 860 790 913 833; x_wconf 88' lang='lat' dir='ltr'><strong>cos</strong></span> <span class='ocrx_word' id='word_1_41' title='bbox 939 790 998 832; x_wconf 90' lang='lat' dir='ltr'><strong>oon</strong></span> <span class='ocrx_word' id='word_1_42' title='bbox 1021 769 1129 853; x_wconf 89' lang='lat' dir='ltr'><strong>dignos</strong></span> <span class='ocrx_word' id='word_1_43' title='bbox 1153 786 1278 845; x_wconf 71' lang='lat' dir='ltr'><strong>ccum,</strong></span> 
     </span>
     <span class='ocr_line' id='line_1_6' title="bbox 144 859 416 941; baseline 0.004 -20"><span class='ocrx_word' id='word_1_44' title='bbox 144 859 193 941; x_wconf 91' lang='lat' dir='ltr'><strong>qui</strong></span> <span class='ocrx_word' id='word_1_45' title='bbox 210 864 416 926; x_wconf 82' lang='lat' dir='ltr'><strong>conterantur.</strong></span> 
     </span>
    </p>
   </div>
   <div class='ocr_carea' id='block_1_3' title="bbox 136 970 1281 4363">
    <p class='ocr_par' dir='ltr' id='par_1_3' title="bbox 136 970 1281 4363">
     <span class='ocr_line' id='line_1_7' title="bbox 233 970 1276 1055; baseline -0.002 -18"><span class='ocrx_word' id='word_1_46' title='bbox 233 972 375 1051; x_wconf 80' lang='lat' dir='ltr'><strong>„Codcar</strong></span> <span class='ocrx_word' id='word_1_47' title='bbox 391 985 454 1036; x_wconf 72' lang='lat' dir='ltr'><strong>suu.</strong></span> <span class='ocrx_word' id='word_1_48' title='bbox 474 975 576 1047; x_wconf 73' lang='lat' dir='ltr'><strong>alem,</strong></span> <span class='ocrx_word' id='word_1_49' title='bbox 596 981 691 1049; x_wconf 81' lang='lat'><strong>2078,</strong></span> <span class='ocrx_word' id='word_1_50' title='bbox 709 994 770 1035; x_wconf 88' lang='lat' dir='ltr'><strong>sec.</strong></span> <span class='ocrx_word' id='word_1_51' title='bbox 789 974 845 1047; x_wconf 88' lang='lat' dir='ltr'><strong>lX,</strong></span> <span class='ocrx_word' id='word_1_52' title='bbox 863 974 893 1035; x_wconf 93' lang='lat' dir='ltr'><strong>in</strong></span> <span class='ocrx_word' id='word_1_53' title='bbox 910 973 982 1035; x_wconf 87' lang='lat' dir='ltr'><strong>lolio</strong></span> <span class='ocrx_word' id='word_1_54' title='bbox 999 992 1091 1055; x_wconf 84' lang='lat' dir='ltr'><strong>parvo</strong></span> <span class='ocrx_word' id='word_1_55' title='bbox 1106 970 1276 1036; x_wconf 83' lang='lat' dir='ltr'><strong>membran.</strong></span> 
     </span>
     <span class='ocr_line' id='line_1_8' title="bbox 146 1060 1278 1133; baseline 0.001 -5"><span class='ocrx_word' id='word_1_56' title='bbox 146 1065 279 1130; x_wconf 83' lang='lat' dir='ltr'><strong>Aurelii</strong></span> <span class='ocrx_word' id='word_1_57' title='bbox 308 1068 408 1133; x_wconf 88' lang='lat' dir='ltr'><strong>Prnd.</strong></span> <span class='ocrx_word' id='word_1_58' title='bbox 441 1069 537 1131; x_wconf 73' lang='lat' dir='ltr'><strong>Cleon.</strong></span> <span class='ocrx_word' id='word_1_59' title='bbox 569 1068 733 1132; x_wconf 80' lang='lat' dir='ltr'><strong>Certaruan</strong></span> <span class='ocrx_word' id='word_1_60' title='bbox 759 1072 904 1131; x_wconf 84' lang='lat' dir='ltr'><strong>uirtutum</strong></span> <span class='ocrx_word' id='word_1_61' title='bbox 934 1078 1046 1130; x_wconf 85' lang='lat' dir='ltr'><strong>contra</strong></span> <span class='ocrx_word' id='word_1_62' title='bbox 1074 1069 1162 1129; x_wconf 84' lang='lat' dir='ltr'><strong>uitia.</strong></span> <span class='ocrx_word' id='word_1_63' title='bbox 1204 1060 1278 1129; x_wconf 86' lang='lat' dir='ltr'><strong>Sine</strong></span> 
     </span>
     <span class='ocr_line' id='line_1_9' title="bbox 143 1165 1281 1250; baseline -0.001 -24"><span class='ocrx_word' id='word_1_64' title='bbox 143 1167 327 1248; x_wconf 77' lang='lat' dir='ltr'><strong>praefatione</strong></span> <span class='ocrx_word' id='word_1_65' title='bbox 353 1167 473 1249; x_wconf 81' lang='lat' dir='ltr'><strong>incipit:</strong></span> <span class='ocrx_word' id='word_1_66' title='bbox 505 1166 646 1242; x_wconf 79' lang='lat' dir='ltr'><strong>Christe,</strong></span> <span class='ocrx_word' id='word_1_67' title='bbox 669 1187 792 1250; x_wconf 88' lang='lat' dir='ltr'><strong>graues</strong></span> <span class='ocrx_word' id='word_1_68' title='bbox 818 1165 972 1227; x_wconf 82' lang='lat' dir='ltr'><strong>hominum</strong></span> <span class='ocrx_word' id='word_1_69' title='bbox 1002 1184 1126 1248; x_wconf 79' lang='lat' dir='ltr'><strong>seraper</strong></span> <span class='ocrx_word' id='word_1_70' title='bbox 1149 1167 1281 1226; x_wconf 66' lang='lat' dir='ltr'><strong>nem</strong></span> 
     </span>
     <span class='ocr_line' id='line_1_10' title="bbox 144 1256 1275 1342; baseline -0.004 -19"><span class='ocrx_word' id='word_1_71' title='bbox 144 1261 282 1325; x_wconf 85' lang='lat' dir='ltr'><strong>labores.</strong></span> <span class='ocrx_word' id='word_1_72' title='bbox 300 1263 416 1325; x_wconf 85' lang='lat' dir='ltr'><strong>Desunt</strong></span> <span class='ocrx_word' id='word_1_73' title='bbox 430 1262 522 1324; x_wconf 87' lang='lat' dir='ltr'><strong>multa</strong></span> <span class='ocrx_word' id='word_1_74' title='bbox 534 1283 552 1324; x_wconf 92' lang='lat' dir='ltr'><strong>a</strong></span> <span class='ocrx_word' id='word_1_75' title='bbox 565 1279 675 1322; x_wconf 84' lang='lat' dir='ltr'><strong>versu:</strong></span> <span class='ocrx_word' id='word_1_76' title='bbox 692 1258 850 1321; x_wconf 86' lang='lat' dir='ltr'><strong>Nascitm·</strong></span> <span class='ocrx_word' id='word_1_77' title='bbox 860 1257 934 1321; x_wconf 85' lang='lat' dir='ltr'><strong>hinc</strong></span> <span class='ocrx_word' id='word_1_78' title='bbox 946 1260 1074 1342; x_wconf 81' lang='lat' dir='ltr'><strong>siacpinn</strong></span> <span class='ocrx_word' id='word_1_79' title='bbox 1085 1256 1122 1320; x_wconf 91' lang='lat' dir='ltr'><strong>ad</strong></span> <span class='ocrx_word' id='word_1_80' title='bbox 1135 1276 1275 1321; x_wconf 74' lang='lat' dir='ltr'><strong>versun:</strong></span> 
     </span>
     <span class='ocr_line' id='line_1_11' title="bbox 144 1351 1277 1440; baseline -0.001 -22"><span class='ocrx_word' id='word_1_81' title='bbox 144 1353 298 1419; x_wconf 72' lang='lat' dir='ltr'><strong>Nouimus</strong></span> <span class='ocrx_word' id='word_1_82' title='bbox 313 1358 476 1440; x_wconf 71' lang='lat' dir='ltr'><strong>ancipites.</strong></span> <span class='ocrx_word' id='word_1_83' title='bbox 504 1356 698 1419; x_wconf 79' lang='lat' dir='ltr'><strong>Desideratus</strong></span> <span class='ocrx_word' id='word_1_84' title='bbox 713 1356 801 1419; x_wconf 89' lang='lat' dir='ltr'><strong>etiam</strong></span> <span class='ocrx_word' id='word_1_85' title='bbox 819 1355 940 1418; x_wconf 89' lang='lat' dir='ltr'><strong>ultimus</strong></span> <span class='ocrx_word' id='word_1_86' title='bbox 957 1375 1083 1419; x_wconf 76' lang='lat' dir='ltr'><strong>versura</strong></span> <span class='ocrx_word' id='word_1_87' title='bbox 1100 1351 1277 1417; x_wconf 67' lang='lat' dir='ltr'><strong>Aeternum</strong></span> 
     </span>
     <span class='ocr_line' id='line_1_12' title="bbox 144 1445 1275 1529; baseline -0.001 -19"><span class='ocrx_word' id='word_1_88' title='bbox 144 1461 202 1512; x_wconf 88' lang='lat' dir='ltr'><strong>etc.</strong></span> <span class='ocrx_word' id='word_1_89' title='bbox 238 1448 322 1513; x_wconf 87' lang='lat' dir='ltr'><strong>Nihil</strong></span> <span class='ocrx_word' id='word_1_90' title='bbox 344 1462 443 1513; x_wconf 85' lang='lat' dir='ltr'><strong>tamen</strong></span> <span class='ocrx_word' id='word_1_91' title='bbox 466 1461 513 1512; x_wconf 88' lang='lat' dir='ltr'><strong>est</strong></span> <span class='ocrx_word' id='word_1_92' title='bbox 533 1450 680 1526; x_wconf 86' lang='lat' dir='ltr'><strong>lacerum,</strong></span> <span class='ocrx_word' id='word_1_93' title='bbox 704 1460 756 1513; x_wconf 93' lang='lat' dir='ltr'><strong>aut</strong></span> <span class='ocrx_word' id='word_1_94' title='bbox 771 1449 927 1525; x_wconf 83' lang='lat' dir='ltr'><strong>abrasum3</strong></span> <span class='ocrx_word' id='word_1_95' title='bbox 952 1449 1082 1512; x_wconf 88' lang='lat' dir='ltr'><strong>fortasse</strong></span> <span class='ocrx_word' id='word_1_96' title='bbox 1103 1445 1275 1529; x_wconf 67' lang='lat' dir='ltr'><strong>ascriptus</strong></span> 
     </span>
     <span class='ocr_line' id='line_1_13' title="bbox 144 1538 1276 1629; baseline -0.004 -21"><span class='ocrx_word' id='word_1_97' title='bbox 144 1555 253 1608; x_wconf 87' lang='lat' dir='ltr'><strong>estex</strong></span> <span class='ocrx_word' id='word_1_98' title='bbox 276 1545 335 1608; x_wconf 90' lang='lat' dir='ltr'><strong>alio</strong></span> <span class='ocrx_word' id='word_1_99' title='bbox 359 1545 463 1608; x_wconf 88' lang='lat' dir='ltr'><strong>codice</strong></span> <span class='ocrx_word' id='word_1_100' title='bbox 483 1545 668 1629; x_wconf 81' lang='lat' dir='ltr'><strong>imperfecto.</strong></span> <span class='ocrx_word' id='word_1_101' title='bbox 699 1543 853 1606; x_wconf 74' lang='lat' dir='ltr'><strong>Scribonii</strong></span> <span class='ocrx_word' id='word_1_102' title='bbox 871 1543 967 1606; x_wconf 84' lang='lat' dir='ltr'><strong>ratio:</strong></span> <span class='ocrx_word' id='word_1_103' title='bbox 992 1542 1197 1627; x_wconf 72' lang='lat' dir='ltr'><strong>adgreditur,</strong></span> <span class='ocrx_word' id='word_1_104' title='bbox 1212 1538 1276 1603; x_wconf 75' lang='lat' dir='ltr'><strong>sel·</strong></span> 
     </span>
     <span class='ocr_line' id='line_1_14' title="bbox 141 1632 1277 1723; baseline -0.004 -22"><span class='ocrx_word' id='word_1_105' title='bbox 141 1637 291 1723; x_wconf 80' lang='lat' dir='ltr'><strong>phorcus,</strong></span> <span class='ocrx_word' id='word_1_106' title='bbox 311 1639 465 1703; x_wconf 79' lang='lat' dir='ltr'><strong>thor-acha</strong></span> <span class='ocrx_word' id='word_1_107' title='bbox 481 1641 546 1702; x_wconf 90' lang='lat' dir='ltr'><strong>sine</strong></span> <span class='ocrx_word' id='word_1_108' title='bbox 563 1639 766 1721; x_wconf 82' lang='lat' dir='ltr'><strong>diphthongis.</strong></span> <span class='ocrx_word' id='word_1_109' title='bbox 791 1637 858 1701; x_wconf 88' lang='lat' dir='ltr'><strong>Non</strong></span> <span class='ocrx_word' id='word_1_110' title='bbox 876 1658 969 1719; x_wconf 88' lang='lat' dir='ltr'><strong>pauca</strong></span> <span class='ocrx_word' id='word_1_111' title='bbox 984 1647 1055 1701; x_wconf 91' lang='lat' dir='ltr'><strong>sunt</strong></span> <span class='ocrx_word' id='word_1_112' title='bbox 1070 1635 1189 1699; x_wconf 85' lang='lat' dir='ltr'><strong>menda.</strong></span> <span class='ocrx_word' id='word_1_113' title='bbox 1222 1632 1277 1697; x_wconf 76' lang='lat' dir='ltr'><strong>tlte</strong></span> 
     </span>
     <span class='ocr_line' id='line_1_15' title="bbox 145 1724 1277 1814; baseline -0.004 -20"><span class='ocrx_word' id='word_1_114' title='bbox 145 1741 191 1794; x_wconf 89' lang='lat' dir='ltr'><strong>est</strong></span> <span class='ocrx_word' id='word_1_115' title='bbox 206 1732 309 1795; x_wconf 78' lang='lat' dir='ltr'><strong>eaden</strong></span> <span class='ocrx_word' id='word_1_116' title='bbox 324 1732 396 1795; x_wconf 85' lang='lat' dir='ltr'><strong>H.“</strong></span> <span class='ocrx_word' id='word_1_117' title='bbox 420 1730 522 1796; x_wconf 84' lang='lat' dir='ltr'><strong>Areo.</strong></span> <span class='ocrx_word' id='word_1_118' title='bbox 558 1733 658 1796; x_wconf 81' lang='lat' dir='ltr'><strong>Codex</strong></span> <span class='ocrx_word' id='word_1_119' title='bbox 682 1732 739 1794; x_wconf 89' lang='lat' dir='ltr'><strong>istc</strong></span> <span class='ocrx_word' id='word_1_120' title='bbox 762 1730 914 1794; x_wconf 91' lang='lat' dir='ltr'><strong>Prudentii</strong></span> <span class='ocrx_word' id='word_1_121' title='bbox 933 1724 1194 1814; x_wconf 81' lang='lat' dir='ltr'><strong>Psychomscbiam</strong></span> <span class='ocrx_word' id='word_1_122' title='bbox 1208 1742 1277 1811; x_wconf 69' lang='lat' dir='ltr'><strong>,nen</strong></span> 
     </span>
     <span class='ocr_line' id='line_1_16' title="bbox 143 1820 1277 1906; baseline -0.004 -20"><span class='ocrx_word' id='word_1_123' title='bbox 143 1825 286 1888; x_wconf 91' lang='lat' dir='ltr'><strong>continet.</strong></span> <span class='ocrx_word' id='word_1_124' title='bbox 326 1825 402 1889; x_wconf 84' lang='lat' dir='ltr'><strong>bibl.</strong></span> <span class='ocrx_word' id='word_1_125' title='bbox 428 1826 590 1889; x_wconf 81' lang='lat' dir='ltr'><strong>l&#39;aticanae</strong></span> <span class='ocrx_word' id='word_1_126' title='bbox 612 1827 758 1902; x_wconf 89' lang='lat' dir='ltr'><strong>ministri,</strong></span> <span class='ocrx_word' id='word_1_127' title='bbox 784 1844 823 1887; x_wconf 83' lang='lat' dir='ltr'><strong>ex</strong></span> <span class='ocrx_word' id='word_1_128' title='bbox 848 1846 905 1906; x_wconf 93' lang='lat' dir='ltr'><strong>quo</strong></span> <span class='ocrx_word' id='word_1_129' title='bbox 928 1824 1021 1886; x_wconf 80' lang='lat' dir='ltr'><strong>Arcu.</strong></span> <span class='ocrx_word' id='word_1_130' title='bbox 1044 1820 1184 1904; x_wconf 81' lang='lat' dir='ltr'><strong>scripsit,</strong></span> <span class='ocrx_word' id='word_1_131' title='bbox 1208 1838 1277 1881; x_wconf 75' lang='lat' dir='ltr'><strong>cun</strong></span> 
     </span>
     <span class='ocr_line' id='line_1_17' title="bbox 142 1912 1278 2004; baseline -0.004 -23"><span class='ocrx_word' id='word_1_132' title='bbox 142 1918 273 1983; x_wconf 89' lang='lat' dir='ltr'><strong>ablatum</strong></span> <span class='ocrx_word' id='word_1_133' title='bbox 290 1941 357 1985; x_wconf 89' lang='lat' dir='ltr'><strong>csse</strong></span> <span class='ocrx_word' id='word_1_134' title='bbox 372 1921 614 2004; x_wconf 88' lang='lat' dir='ltr'><strong>suspicabantur.</strong></span> <span class='ocrx_word' id='word_1_135' title='bbox 633 1920 769 2004; x_wconf 86' lang='lat' dir='ltr'><strong>Repetivi</strong></span> <span class='ocrx_word' id='word_1_136' title='bbox 785 1920 875 2002; x_wconf 87' lang='lat' dir='ltr'><strong>igitur</strong></span> <span class='ocrx_word' id='word_1_137' title='bbox 890 1938 974 1979; x_wconf 82' lang='lat' dir='ltr'><strong>vara.</strong></span> <span class='ocrx_word' id='word_1_138' title='bbox 992 1917 1089 1993; x_wconf 87' lang='lat' dir='ltr'><strong>lectt,</strong></span> <span class='ocrx_word' id='word_1_139' title='bbox 1107 1914 1212 1997; x_wconf 88' lang='lat' dir='ltr'><strong>quales</strong></span> <span class='ocrx_word' id='word_1_140' title='bbox 1225 1912 1278 1977; x_wconf 89' lang='lat' dir='ltr'><strong>illc</strong></span> 
     </span>
     <span class='ocr_line' id='line_1_18' title="bbox 143 2008 1276 2097; baseline 0.001 -25"><span class='ocrx_word' id='word_1_141' title='bbox 143 2014 272 2074; x_wconf 86' lang='lat' dir='ltr'><strong>notavit.</strong></span> <span class='ocrx_word' id='word_1_142' title='bbox 311 2013 415 2095; x_wconf 84' lang='lat' dir='ltr'><strong>Neque</strong></span> <span class='ocrx_word' id='word_1_143' title='bbox 439 2014 600 2097; x_wconf 77' lang='lat' dir='ltr'><strong>recognovi</strong></span> <span class='ocrx_word' id='word_1_144' title='bbox 622 2026 763 2097; x_wconf 90' lang='lat' dir='ltr'><strong>quattuor</strong></span> <span class='ocrx_word' id='word_1_145' title='bbox 785 2011 856 2076; x_wconf 92' lang='lat' dir='ltr'><strong>libb.</strong></span> <span class='ocrx_word' id='word_1_146' title='bbox 884 2011 964 2074; x_wconf 88' lang='lat' dir='ltr'><strong>Vatt.</strong></span> <span class='ocrx_word' id='word_1_147' title='bbox 989 2022 1022 2074; x_wconf 92' lang='lat' dir='ltr'><strong>ut</strong></span> <span class='ocrx_word' id='word_1_148' title='bbox 1044 2028 1148 2094; x_wconf 87' lang='lat' dir='ltr'><strong>parum</strong></span> <span class='ocrx_word' id='word_1_149' title='bbox 1171 2008 1276 2085; x_wconf 80' lang='lat' dir='ltr'><strong>utiles,</strong></span> 
     </span>
     <span class='ocr_line' id='line_1_19' title="bbox 141 2104 1279 2192; baseline 0 -23"><span class='ocrx_word' id='word_1_150' title='bbox 141 2126 215 2188; x_wconf 92' lang='lat' dir='ltr'><strong>qnos</strong></span> <span class='ocrx_word' id='word_1_151' title='bbox 236 2106 329 2169; x_wconf 77' lang='lat' dir='ltr'><strong>Arcu.</strong></span> <span class='ocrx_word' id='word_1_152' title='bbox 355 2108 505 2192; x_wconf 90' lang='lat' dir='ltr'><strong>(prolcgg.</strong></span> <span class='ocrx_word' id='word_1_153' title='bbox 531 2132 556 2192; x_wconf 93' lang='lat' dir='ltr'><strong>p.</strong></span> <span class='ocrx_word' id='word_1_154' title='bbox 575 2117 627 2187; x_wconf 87' lang='grc'><strong>66,</strong></span> <span class='ocrx_word' id='word_1_155' title='bbox 647 2115 699 2180; x_wconf 81' lang='lat'><strong>65,</strong></span> <span class='ocrx_word' id='word_1_156' title='bbox 718 2116 771 2189; x_wconf 82' lang='lat'><strong>60)</strong></span> <span class='ocrx_word' id='word_1_157' title='bbox 794 2109 834 2171; x_wconf 85' lang='lat' dir='ltr'><strong>its</strong></span> <span class='ocrx_word' id='word_1_158' title='bbox 851 2106 1010 2169; x_wconf 80' lang='lat' dir='ltr'><strong>describit:</strong></span> <span class='ocrx_word' id='word_1_159' title='bbox 1038 2104 1182 2183; x_wconf 69' lang='lat' dir='ltr'><strong>„Codes</strong></span> <span class='ocrx_word' id='word_1_160' title='bbox 1196 2105 1279 2169; x_wconf 80' lang='lat' dir='ltr'><strong>nati·</strong></span> 
     </span>
     <span class='ocr_line' id='line_1_20' title="bbox 142 2196 1274 2280; baseline 0.003 -18"><span class='ocrx_word' id='word_1_161' title='bbox 142 2222 240 2264; x_wconf 86' lang='lat' dir='ltr'><strong>canus</strong></span> <span class='ocrx_word' id='word_1_162' title='bbox 265 2201 502 2266; x_wconf 82' lang='lat' dir='ltr'><strong>Otleobanianns</strong></span> <span class='ocrx_word' id='word_1_163' title='bbox 519 2212 614 2280; x_wconf 62' lang='lat'><strong>237„</strong></span> <span class='ocrx_word' id='word_1_164' title='bbox 642 2205 818 2267; x_wconf 89' lang='lat' dir='ltr'><strong>chartaceus</strong></span> <span class='ocrx_word' id='word_1_165' title='bbox 836 2204 867 2266; x_wconf 94' lang='lat' dir='ltr'><strong>in</strong></span> <span class='ocrx_word' id='word_1_166' title='bbox 884 2209 932 2277; x_wconf 92' lang='lat'><strong>8.‚</strong></span> <span class='ocrx_word' id='word_1_167' title='bbox 963 2200 1156 2265; x_wconf 77' lang='lat' dir='ltr'><strong>Prudentius</strong></span> <span class='ocrx_word' id='word_1_168' title='bbox 1177 2198 1217 2263; x_wconf 87' lang='lat' dir='ltr'><strong>de</strong></span> <span class='ocrx_word' id='word_1_169' title='bbox 1234 2196 1274 2265; x_wconf 82' lang='lat' dir='ltr'><strong>B.</strong></span> 
     </span>
     <span class='ocr_line' id='line_1_21' title="bbox 145 2291 1279 2383; baseline 0.002 -26"><span class='ocrx_word' id='word_1_170' title='bbox 145 2291 311 2358; x_wconf 81' lang='lat' dir='ltr'><strong>Cassiano.</strong></span> <span class='ocrx_word' id='word_1_171' title='bbox 352 2298 414 2361; x_wconf 87' lang='lat' dir='ltr'><strong>Hoc</strong></span> <span class='ocrx_word' id='word_1_172' title='bbox 435 2299 501 2362; x_wconf 88' lang='lat' dir='ltr'><strong>cod.</strong></span> <span class='ocrx_word' id='word_1_173' title='bbox 526 2304 697 2363; x_wconf 88' lang='lat' dir='ltr'><strong>continetur</strong></span> <span class='ocrx_word' id='word_1_174' title='bbox 717 2301 871 2383; x_wconf 79' lang='lat' dir='ltr'><strong>Legenda</strong></span> <span class='ocrx_word' id='word_1_175' title='bbox 895 2300 927 2360; x_wconf 85' lang='lat' dir='ltr'><strong>S.</strong></span> <span class='ocrx_word' id='word_1_176' title='bbox 957 2297 1106 2361; x_wconf 85' lang='lat' dir='ltr'><strong>Cassiani</strong></span> <span class='ocrx_word' id='word_1_177' title='bbox 1122 2299 1279 2379; x_wconf 64' lang='lat' dir='ltr'><strong>martyres</strong></span> 
     </span>
     <span class='ocr_line' id='line_1_22' title="bbox 136 2388 1276 2473; baseline 0.001 -23"><span class='ocrx_word' id='word_1_178' title='bbox 136 2410 199 2472; x_wconf 82' lang='lat' dir='ltr'><strong>per</strong></span> <span class='ocrx_word' id='word_1_179' title='bbox 214 2389 272 2452; x_wconf 82' lang='lat' dir='ltr'><strong>Fr.</strong></span> <span class='ocrx_word' id='word_1_180' title='bbox 289 2390 436 2454; x_wconf 80' lang='lat' dir='ltr'><strong>lucabum</strong></span> <span class='ocrx_word' id='word_1_181' title='bbox 455 2392 506 2465; x_wconf 86' lang='lat' dir='ltr'><strong>(de</strong></span> <span class='ocrx_word' id='word_1_182' title='bbox 523 2393 688 2473; x_wconf 85' lang='lat' dir='ltr'><strong>Vorogine)</strong></span> <span class='ocrx_word' id='word_1_183' title='bbox 713 2394 835 2455; x_wconf 75' lang='lat' dir='ltr'><strong>nondinis</strong></span> <span class='ocrx_word' id='word_1_184' title='bbox 851 2389 967 2453; x_wconf 87' lang='lat' dir='ltr'><strong>Praed.</strong></span> <span class='ocrx_word' id='word_1_185' title='bbox 993 2388 1176 2473; x_wconf 71' lang='lat' dir='ltr'><strong>corripilata.</strong></span> <span class='ocrx_word' id='word_1_186' title='bbox 1200 2388 1276 2452; x_wconf 77' lang='lat' dir='ltr'><strong>Eam</strong></span> 
     </span>
     <span class='ocr_line' id='line_1_23' title="bbox 141 2481 1277 2571; baseline 0.007 -28"><span class='ocrx_word' id='word_1_187' title='bbox 141 2481 259 2545; x_wconf 88' lang='lat' dir='ltr'><strong>dedicat</strong></span> <span class='ocrx_word' id='word_1_188' title='bbox 271 2482 449 2550; x_wconf 81' lang='lat' dir='ltr'><strong>Frarrciscus</strong></span> <span class='ocrx_word' id='word_1_189' title='bbox 459 2486 482 2548; x_wconf 87' lang='lat' dir='ltr'>F</span> <span class='ocrx_word' id='word_1_190' title='bbox 485 2507 572 2551; x_wconf 90' lang='lat' dir='ltr'><strong>errus</strong></span> <span class='ocrx_word' id='word_1_191' title='bbox 588 2489 748 2550; x_wconf 88' lang='lat' dir='ltr'><strong>canonicus</strong></span> <span class='ocrx_word' id='word_1_192' title='bbox 764 2487 919 2552; x_wconf 89' lang='lat' dir='ltr'><strong>imolensis</strong></span> <span class='ocrx_word' id='word_1_193' title='bbox 936 2487 1120 2571; x_wconf 83' lang='lat' dir='ltr'><strong>Hieronymo</strong></span> <span class='ocrx_word' id='word_1_194' title='bbox 1137 2485 1277 2551; x_wconf 76' lang='lat' dir='ltr'><strong>Dandino</strong></span> 
     </span>
     <span class='ocr_line' id='line_1_24' title="bbox 141 2578 1276 2664; baseline 0.002 -23"><span class='ocrx_word' id='word_1_195' title='bbox 141 2578 280 2664; x_wconf 87' lang='lat' dir='ltr'><strong>episeopo</strong></span> <span class='ocrx_word' id='word_1_196' title='bbox 303 2581 454 2647; x_wconf 89' lang='lat' dir='ltr'><strong>imolensi.</strong></span> <span class='ocrx_word' id='word_1_197' title='bbox 488 2584 609 2648; x_wconf 91' lang='lat' dir='ltr'><strong>lacobus</strong></span> <span class='ocrx_word' id='word_1_198' title='bbox 633 2604 706 2646; x_wconf 87' lang='lat' dir='ltr'><strong>vero</strong></span> <span class='ocrx_word' id='word_1_199' title='bbox 728 2582 880 2646; x_wconf 86' lang='lat' dir='ltr'><strong>scribebat</strong></span> <span class='ocrx_word' id='word_1_200' title='bbox 901 2584 1053 2647; x_wconf 80' lang='lat' dir='ltr'><strong>bononiae</strong></span> <span class='ocrx_word' id='word_1_201' title='bbox 1073 2601 1153 2644; x_wconf 85' lang='lat' dir='ltr'><strong>anno</strong></span> <span class='ocrx_word' id='word_1_202' title='bbox 1179 2584 1276 2645; x_wconf 80' lang='grc'><strong>1282.</strong></span> 
     </span>
     <span class='ocr_line' id='line_1_25' title="bbox 141 2671 1279 2760; baseline 0.004 -25"><span class='ocrx_word' id='word_1_203' title='bbox 141 2671 226 2735; x_wconf 87' lang='lat' dir='ltr'><strong>Folio</strong></span> <span class='ocrx_word' id='word_1_204' title='bbox 244 2679 295 2735; x_wconf 75' lang='lat'><strong>27.</strong></span> <span class='ocrx_word' id='word_1_205' title='bbox 324 2673 516 2738; x_wconf 78' lang='lat' dir='ltr'><strong>Prudentius</strong></span> <span class='ocrx_word' id='word_1_206' title='bbox 535 2687 634 2760; x_wconf 81' lang='lat' dir='ltr'><strong>poeta</strong></span> <span class='ocrx_word' id='word_1_207' title='bbox 656 2678 694 2738; x_wconf 89' lang='lat' dir='ltr'><strong>dc</strong></span> <span class='ocrx_word' id='word_1_208' title='bbox 717 2677 754 2739; x_wconf 88' lang='lat' dir='ltr'><strong>B.</strong></span> <span class='ocrx_word' id='word_1_209' title='bbox 784 2675 935 2738; x_wconf 73' lang='lat' dir='ltr'><strong>Cassiano</strong></span> <span class='ocrx_word' id='word_1_210' title='bbox 959 2679 1005 2739; x_wconf 85' lang='lat' dir='ltr'><strong>ita</strong></span> <span class='ocrx_word' id='word_1_211' title='bbox 1020 2676 1150 2738; x_wconf 78' lang='lat' dir='ltr'><strong>cecinit:</strong></span> <span class='ocrx_word' id='word_1_212' title='bbox 1183 2672 1279 2759; x_wconf 75' lang='lat' dir='ltr'><strong>sylla</strong></span> 
     </span>
     <span class='ocr_line' id='line_1_26' title="bbox 141 2767 1278 2855; baseline 0.005 -27"><span class='ocrx_word' id='word_1_213' title='bbox 141 2777 201 2829; x_wconf 88' lang='lat' dir='ltr'><strong>etc.</strong></span> <span class='ocrx_word' id='word_1_214' title='bbox 232 2767 265 2830; x_wconf 90' lang='lat' dir='ltr'><strong>ln</strong></span> <span class='ocrx_word' id='word_1_215' title='bbox 290 2768 364 2830; x_wconf 86' lang='lat' dir='ltr'><strong>line:</strong></span> <span class='ocrx_word' id='word_1_216' title='bbox 388 2770 597 2842; x_wconf 80' lang='lat' dir='ltr'><strong>Prudentius,</strong></span> <span class='ocrx_word' id='word_1_217' title='bbox 623 2780 659 2831; x_wconf 85' lang='lat' dir='ltr'><strong>nt</strong></span> <span class='ocrx_word' id='word_1_218' title='bbox 681 2780 786 2832; x_wconf 86' lang='lat' dir='ltr'><strong>notum</strong></span> <span class='ocrx_word' id='word_1_219' title='bbox 811 2779 875 2844; x_wconf 88' lang='lat' dir='ltr'><strong>est,</strong></span> <span class='ocrx_word' id='word_1_220' title='bbox 895 2770 982 2855; x_wconf 77' lang='lat' dir='ltr'><strong>fidei</strong></span> <span class='ocrx_word' id='word_1_221' title='bbox 995 2771 1044 2833; x_wconf 83' lang='lat' dir='ltr'><strong>uir</strong></span> <span class='ocrx_word' id='word_1_222' title='bbox 1065 2777 1098 2832; x_wconf 88' lang='lat' dir='ltr'><strong>ct</strong></span> <span class='ocrx_word' id='word_1_223' title='bbox 1118 2768 1278 2853; x_wconf 71' lang='lat' dir='ltr'><strong>religiosa</strong></span> 
     </span>
     <span class='ocr_line' id='line_1_27' title="bbox 140 2858 1279 2946; baseline 0.003 -26"><span class='ocrx_word' id='word_1_224' title='bbox 140 2858 294 2945; x_wconf 78' lang='lat' dir='ltr'><strong>dogmata</strong></span> <span class='ocrx_word' id='word_1_225' title='bbox 304 2864 464 2946; x_wconf 85' lang='lat' dir='ltr'><strong>poematis</strong></span> <span class='ocrx_word' id='word_1_226' title='bbox 480 2865 572 2925; x_wconf 87' lang='lat' dir='ltr'><strong>ctiam</strong></span> <span class='ocrx_word' id='word_1_227' title='bbox 589 2862 791 2926; x_wconf 74' lang='lat' dir='ltr'><strong>iracundidatc</strong></span> <span class='ocrx_word' id='word_1_228' title='bbox 810 2862 1025 2926; x_wconf 76' lang='lat' dir='ltr'><strong>coaearneadcns</strong></span> <span class='ocrx_word' id='word_1_229' title='bbox 1046 2871 1105 2924; x_wconf 87' lang='lat' dir='ltr'><strong>etc.</strong></span> <span class='ocrx_word' id='word_1_230' title='bbox 1146 2860 1201 2923; x_wconf 84' lang='lat' dir='ltr'><strong>iiie</strong></span> <span class='ocrx_word' id='word_1_231' title='bbox 1218 2860 1279 2925; x_wconf 86' lang='lat' dir='ltr'><strong>erit</strong></span> 
     </span>
     <span class='ocr_line' id='line_1_28' title="bbox 141 2952 1278 3041; baseline 0.007 -28"><span class='ocrx_word' id='word_1_232' title='bbox 141 2952 244 3015; x_wconf 73' lang='lat' dir='ltr'><strong>audeas</strong></span> <span class='ocrx_word' id='word_1_233' title='bbox 259 2955 364 3018; x_wconf 83' lang='lat' dir='ltr'><strong>dictus</strong></span> <span class='ocrx_word' id='word_1_234' title='bbox 379 2957 454 3020; x_wconf 81' lang='lat' dir='ltr'><strong>X.“</strong></span> <span class='ocrx_word' id='word_1_235' title='bbox 472 2992 512 3003; x_wconf 86' lang='lat'><strong>·-</strong></span> <span class='ocrx_word' id='word_1_236' title='bbox 538 2958 676 3033; x_wconf 74' lang='lat' dir='ltr'><strong>„Codes</strong></span> <span class='ocrx_word' id='word_1_237' title='bbox 691 2962 856 3019; x_wconf 80' lang='lat' dir='ltr'><strong>vaticanus</strong></span> <span class='ocrx_word' id='word_1_238' title='bbox 868 2958 1033 3041; x_wconf 82' lang='lat' dir='ltr'><strong>palatinus</strong></span> <span class='ocrx_word' id='word_1_239' title='bbox 1053 2965 1158 3035; x_wconf 66' lang='lat'>1715„</span> <span class='ocrx_word' id='word_1_240' title='bbox 1183 2976 1278 3021; x_wconf 83' lang='lat' dir='ltr'><strong>mem·</strong></span> 
     </span>
     <span class='ocr_line' id='line_1_29' title="bbox 139 3049 1277 3137; baseline 0.005 -27"><span class='ocrx_word' id='word_1_241' title='bbox 139 3049 306 3112; x_wconf 89' lang='lat' dir='ltr'><strong>braoaceus</strong></span> <span class='ocrx_word' id='word_1_242' title='bbox 322 3050 351 3111; x_wconf 94' lang='lat' dir='ltr'><strong>in</strong></span> <span class='ocrx_word' id='word_1_243' title='bbox 370 3055 399 3113; x_wconf 88' lang='lat'><strong>8.</strong></span> <span class='ocrx_word' id='word_1_244' title='bbox 424 3049 526 3112; x_wconf 90' lang='lat' dir='ltr'><strong>seculo</strong></span> <span class='ocrx_word' id='word_1_245' title='bbox 542 3049 598 3113; x_wconf 88' lang='lat' dir='ltr'><strong>Xl.</strong></span> <span class='ocrx_word' id='word_1_246' title='bbox 622 3052 746 3114; x_wconf 88' lang='lat' dir='ltr'><strong>circiter</strong></span> <span class='ocrx_word' id='word_1_247' title='bbox 760 3052 901 3135; x_wconf 79' lang='lat' dir='ltr'><strong>scriptus.</strong></span> <span class='ocrx_word' id='word_1_248' title='bbox 934 3053 1051 3135; x_wconf 68' lang='lat' dir='ltr'><strong>incipiit</strong></span> <span class='ocrx_word' id='word_1_249' title='bbox 1064 3053 1177 3137; x_wconf 78' lang='lat' dir='ltr'><strong>glossa</strong></span> <span class='ocrx_word' id='word_1_250' title='bbox 1196 3052 1277 3115; x_wconf 74' lang='lat' dir='ltr'><strong>Pru·</strong></span> 
     </span>
     <span class='ocr_line' id='line_1_30' title="bbox 140 3142 1273 3229; baseline 0.005 -26"><span class='ocrx_word' id='word_1_251' title='bbox 140 3142 242 3204; x_wconf 88' lang='lat' dir='ltr'><strong>dentii</strong></span> <span class='ocrx_word' id='word_1_252' title='bbox 257 3142 387 3206; x_wconf 78' lang='lat' dir='ltr'><strong>Aurelii</strong></span> <span class='ocrx_word' id='word_1_253' title='bbox 397 3143 576 3207; x_wconf 84' lang='lat' dir='ltr'><strong>Clementis.</strong></span> <span class='ocrx_word' id='word_1_254' title='bbox 602 3143 721 3228; x_wconf 88' lang='lat' dir='ltr'><strong>Pugiois</strong></span> <span class='ocrx_word' id='word_1_255' title='bbox 737 3145 862 3227; x_wconf 82' lang='lat' dir='ltr'><strong>triginta</strong></span> <span class='ocrx_word' id='word_1_256' title='bbox 878 3155 998 3208; x_wconf 91' lang='lat' dir='ltr'><strong>constat</strong></span> <span class='ocrx_word' id='word_1_257' title='bbox 1014 3146 1068 3207; x_wconf 94' lang='lat' dir='ltr'><strong>hoc</strong></span> <span class='ocrx_word' id='word_1_258' title='bbox 1082 3147 1273 3229; x_wconf 86' lang='lat' dir='ltr'><strong>opusculum.</strong></span> 
     </span>
     <span class='ocr_line' id='line_1_31' title="bbox 140 3239 1273 3324; baseline 0.004 -23"><span class='ocrx_word' id='word_1_259' title='bbox 140 3239 254 3302; x_wconf 81' lang='lat' dir='ltr'><strong>Paucae</strong></span> <span class='ocrx_word' id='word_1_260' title='bbox 277 3249 348 3302; x_wconf 92' lang='lat' dir='ltr'><strong>sunt</strong></span> <span class='ocrx_word' id='word_1_261' title='bbox 369 3240 508 3324; x_wconf 80' lang='lat' dir='ltr'><strong>glossae,</strong></span> <span class='ocrx_word' id='word_1_262' title='bbox 536 3260 553 3302; x_wconf 95' lang='lat' dir='ltr'><strong>e</strong></span> <span class='ocrx_word' id='word_1_263' title='bbox 575 3241 681 3324; x_wconf 90' lang='lat' dir='ltr'><strong>quibus</strong></span> <span class='ocrx_word' id='word_1_264' title='bbox 705 3242 864 3306; x_wconf 91' lang='lat' dir='ltr'><strong>nonnullas</strong></span> <span class='ocrx_word' id='word_1_265' title='bbox 887 3243 951 3306; x_wconf 89' lang='lat' dir='ltr'><strong>suis</strong></span> <span class='ocrx_word' id='word_1_266' title='bbox 973 3243 1003 3305; x_wconf 95' lang='lat' dir='ltr'><strong>iu</strong></span> <span class='ocrx_word' id='word_1_267' title='bbox 1025 3243 1099 3306; x_wconf 87' lang='lat' dir='ltr'><strong>locis</strong></span> <span class='ocrx_word' id='word_1_268' title='bbox 1115 3243 1273 3307; x_wconf 84' lang='lat' dir='ltr'><strong>dabimus:</strong></span> 
     </span>
     <span class='ocr_line' id='line_1_32' title="bbox 140 3332 1277 3421; baseline 0.004 -24"><span class='ocrx_word' id='word_1_269' title='bbox 140 3332 213 3397; x_wconf 90' lang='lat' dir='ltr'><strong>nihil</strong></span> <span class='ocrx_word' id='word_1_270' title='bbox 229 3345 327 3397; x_wconf 70' lang='lat' dir='ltr'><strong>umen</strong></span> <span class='ocrx_word' id='word_1_271' title='bbox 342 3344 390 3396; x_wconf 89' lang='lat' dir='ltr'><strong>est</strong></span> <span class='ocrx_word' id='word_1_272' title='bbox 405 3333 485 3397; x_wconf 88' lang='lat' dir='ltr'><strong>aliud</strong></span> <span class='ocrx_word' id='word_1_273' title='bbox 502 3345 622 3417; x_wconf 88' lang='lat' dir='ltr'><strong>praeter</strong></span> <span class='ocrx_word' id='word_1_274' title='bbox 636 3335 764 3417; x_wconf 83' lang='lat' dir='ltr'><strong>glossas.</strong></span> <span class='ocrx_word' id='word_1_275' title='bbox 791 3335 1026 3419; x_wconf 79' lang='lat' dir='ltr'><strong>Orthographiaa</strong></span> <span class='ocrx_word' id='word_1_276' title='bbox 1045 3337 1277 3421; x_wconf 57' lang='lat' dir='ltr'><strong>ffeba&#39;fflens·</strong></span> 
     </span>
     <span class='ocr_line' id='line_1_33' title="bbox 138 3426 1275 3514; baseline 0.004 -25"><span class='ocrx_word' id='word_1_277' title='bbox 138 3429 195 3503; x_wconf 88' lang='lat' dir='ltr'><strong>sis,</strong></span> <span class='ocrx_word' id='word_1_278' title='bbox 210 3449 335 3514; x_wconf 77' lang='lat' dir='ltr'><strong>ymnus,</strong></span> <span class='ocrx_word' id='word_1_279' title='bbox 353 3449 418 3490; x_wconf 82' lang='lat' dir='ltr'><strong>cunr</strong></span> <span class='ocrx_word' id='word_1_280' title='bbox 432 3426 633 3511; x_wconf 90' lang='lat' dir='ltr'><strong>diphthongis.</strong></span> <span class='ocrx_word' id='word_1_281' title='bbox 654 3427 685 3490; x_wconf 91' lang='lat' dir='ltr'><strong>ln</strong></span> <span class='ocrx_word' id='word_1_282' title='bbox 697 3430 861 3492; x_wconf 77' lang='lat' dir='ltr'><strong>fabularum</strong></span> <span class='ocrx_word' id='word_1_283' title='bbox 875 3429 1074 3513; x_wconf 84' lang='lat' dir='ltr'><strong>explicatione</strong></span> <span class='ocrx_word' id='word_1_284' title='bbox 1085 3428 1275 3510; x_wconf 90' lang='lat' dir='ltr'><strong>potissimum</strong></span> 
     </span>
     <span class='ocr_line' id='line_1_34' title="bbox 138 3522 1274 3604; baseline 0.004 -19"><span class='ocrx_word' id='word_1_285' title='bbox 138 3523 320 3604; x_wconf 88' lang='lat' dir='ltr'><strong>glossemata</strong></span> <span class='ocrx_word' id='word_1_286' title='bbox 341 3535 515 3587; x_wconf 85' lang='lat' dir='ltr'><strong>versantur.</strong></span> <span class='ocrx_word' id='word_1_287' title='bbox 548 3522 624 3587; x_wconf 90' lang='lat' dir='ltr'><strong>lluic</strong></span> <span class='ocrx_word' id='word_1_288' title='bbox 646 3524 740 3587; x_wconf 89' lang='lat' dir='ltr'><strong>codici</strong></span> <span class='ocrx_word' id='word_1_289' title='bbox 764 3548 874 3588; x_wconf 73' lang='lat' dir='ltr'><strong>atarneo</strong></span> <span class='ocrx_word' id='word_1_290' title='bbox 897 3527 957 3587; x_wconf 87' lang='lat' dir='ltr'><strong>erit</strong></span> <span class='ocrx_word' id='word_1_291' title='bbox 973 3525 1008 3588; x_wconf 90' lang='lat' dir='ltr'><strong>S.</strong></span> <span class='ocrx_word' id='word_1_292' title='bbox 1027 3525 1127 3590; x_wconf 73' lang='lat' dir='ltr'><strong>Not„-</strong></span> <span class='ocrx_word' id='word_1_293' title='bbox 1160 3524 1202 3587; x_wconf 90' lang='lat' dir='ltr'><strong>lta</strong></span> <span class='ocrx_word' id='word_1_294' title='bbox 1228 3528 1274 3589; x_wconf 90' lang='lat' dir='ltr'><strong>iu·</strong></span> 
     </span>
     <span class='ocr_line' id='line_1_35' title="bbox 139 3616 1273 3702; baseline 0.007 -25"><span class='ocrx_word' id='word_1_295' title='bbox 139 3616 227 3699; x_wconf 82' lang='lat' dir='ltr'><strong>cipit:</strong></span> <span class='ocrx_word' id='word_1_296' title='bbox 252 3617 469 3702; x_wconf 76' lang='lat' dir='ltr'><strong>lt‘yrocltenm:</strong></span> <span class='ocrx_word' id='word_1_297' title='bbox 493 3618 528 3680; x_wconf 85' lang='lat' dir='ltr'><strong>id</strong></span> <span class='ocrx_word' id='word_1_298' title='bbox 550 3628 614 3693; x_wconf 86' lang='lat' dir='ltr'><strong>est,</strong></span> <span class='ocrx_word' id='word_1_299' title='bbox 633 3621 819 3682; x_wconf 85' lang='lat' dir='ltr'><strong>manualem.</strong></span> <span class='ocrx_word' id='word_1_300' title='bbox 846 3618 1050 3683; x_wconf 85' lang='lat' dir='ltr'><strong>Ea·ameran.·</strong></span> <span class='ocrx_word' id='word_1_301' title='bbox 1070 3619 1131 3680; x_wconf 90' lang='lat' dir='ltr'><strong>Vl.</strong></span> <span class='ocrx_word' id='word_1_302' title='bbox 1150 3619 1273 3685; x_wconf 65' lang='lat' dir='ltr'><strong>dierum</strong></span> 
     </span>
     <span class='ocr_line' id='line_1_36' title="bbox 140 3708 1271 3797; baseline 0.006 -27"><span class='ocrx_word' id='word_1_303' title='bbox 140 3708 343 3791; x_wconf 77' lang='lat' dir='ltr'><strong>Apotheosis,</strong></span> <span class='ocrx_word' id='word_1_304' title='bbox 361 3712 382 3770; x_wconf 87' lang='lat' dir='ltr'><strong>l.</strong></span> <span class='ocrx_word' id='word_1_305' title='bbox 402 3711 440 3772; x_wconf 89' lang='lat' dir='ltr'><strong>de</strong></span> <span class='ocrx_word' id='word_1_306' title='bbox 453 3711 633 3774; x_wconf 84' lang='lat' dir='ltr'><strong>diuinitate.</strong></span> <span class='ocrx_word' id='word_1_307' title='bbox 656 3713 891 3796; x_wconf 74' lang='lat' dir='ltr'><strong>dmartigenia,</strong></span> <span class='ocrx_word' id='word_1_308' title='bbox 909 3715 931 3774; x_wconf 90' lang='lat' dir='ltr'><strong>i.</strong></span> <span class='ocrx_word' id='word_1_309' title='bbox 945 3721 1146 3797; x_wconf 85' lang='lat' dir='ltr'><strong>peccatorum</strong></span> <span class='ocrx_word' id='word_1_310' title='bbox 1163 3714 1271 3797; x_wconf 80' lang='lat' dir='ltr'><strong>origo.</strong></span> 
     </span>
     <span class='ocr_line' id='line_1_37' title="bbox 141 3801 1274 3893; baseline 0.008 -29"><span class='ocrx_word' id='word_1_311' title='bbox 141 3801 403 3885; x_wconf 77' lang='lat' dir='ltr'><strong>Pspcbomaelu&#39;a‚</strong></span> <span class='ocrx_word' id='word_1_312' title='bbox 429 3807 551 3867; x_wconf 77' lang='lat' dir='ltr'><strong>anianae</strong></span> <span class='ocrx_word' id='word_1_313' title='bbox 567 3828 682 3891; x_wconf 81' lang='lat' dir='ltr'><strong>pugna</strong></span> <span class='ocrx_word' id='word_1_314' title='bbox 704 3818 764 3871; x_wconf 86' lang='lat' dir='ltr'><strong>etc.</strong></span> <span class='ocrx_word' id='word_1_315' title='bbox 789 3826 864 3890; x_wconf 91' lang='lat' dir='ltr'><strong>qnae</strong></span> <span class='ocrx_word' id='word_1_316' title='bbox 886 3818 957 3872; x_wconf 92' lang='lat' dir='ltr'><strong>sunt</strong></span> <span class='ocrx_word' id='word_1_317' title='bbox 978 3807 1097 3893; x_wconf 82' lang='lat' dir='ltr'><strong>glossae</strong></span> <span class='ocrx_word' id='word_1_318' title='bbox 1121 3808 1158 3871; x_wconf 90' lang='lat' dir='ltr'><strong>ad</strong></span> <span class='ocrx_word' id='word_1_319' title='bbox 1177 3808 1274 3873; x_wconf 79' lang='lat' dir='ltr'><strong>vitan</strong></span> 
     </span>
     <span class='ocr_line' id='line_1_38' title="bbox 139 3894 1272 3989; baseline 0.01 -32"><span class='ocrx_word' id='word_1_320' title='bbox 139 3894 291 3958; x_wconf 87' lang='lat' dir='ltr'><strong>Prudentii</strong></span> <span class='ocrx_word' id='word_1_321' title='bbox 308 3917 325 3957; x_wconf 87' lang='lat' dir='ltr'><strong>a</strong></span> <span class='ocrx_word' id='word_1_322' title='bbox 342 3896 497 3960; x_wconf 89' lang='lat' dir='ltr'><strong>Gennadio</strong></span> <span class='ocrx_word' id='word_1_323' title='bbox 513 3902 753 3984; x_wconf 86' lang='lat' dir='ltr'><strong>conscriptam.“</strong></span> <span class='ocrx_word' id='word_1_324' title='bbox 778 3939 813 3949; x_wconf 93' lang='lat'>-</span> <span class='ocrx_word' id='word_1_325' title='bbox 842 3902 984 3978; x_wconf 74' lang='lat' dir='ltr'><strong>„Codex</strong></span> <span class='ocrx_word' id='word_1_326' title='bbox 999 3905 1165 3966; x_wconf 77' lang='lat' dir='ltr'><strong>vaticanus</strong></span> <span class='ocrx_word' id='word_1_327' title='bbox 1176 3905 1272 3989; x_wconf 82' lang='lat' dir='ltr'><strong>pala·</strong></span> 
     </span>
     <span class='ocr_line' id='line_1_39' title="bbox 139 3991 1273 4080; baseline 0.009 -25"><span class='ocrx_word' id='word_1_328' title='bbox 139 3996 223 4056; x_wconf 88' lang='lat' dir='ltr'><strong>tinus</strong></span> <span class='ocrx_word' id='word_1_329' title='bbox 240 3999 328 4067; x_wconf 70' lang='lat'><strong>235,</strong></span> <span class='ocrx_word' id='word_1_330' title='bbox 346 3991 508 4057; x_wconf 88' lang='lat' dir='ltr'><strong>membran.</strong></span> <span class='ocrx_word' id='word_1_331' title='bbox 528 3995 559 4056; x_wconf 92' lang='lat' dir='ltr'><strong>in</strong></span> <span class='ocrx_word' id='word_1_332' title='bbox 577 3998 628 4059; x_wconf 90' lang='lat' dir='ltr'><strong>lol.</strong></span> <span class='ocrx_word' id='word_1_333' title='bbox 646 3997 737 4062; x_wconf 88' lang='lat' dir='ltr'><strong>seculi</strong></span> <span class='ocrx_word' id='word_1_334' title='bbox 750 3998 806 4062; x_wconf 87' lang='lat' dir='ltr'><strong>Xl.</strong></span> <span class='ocrx_word' id='word_1_335' title='bbox 824 3997 957 4061; x_wconf 88' lang='lat' dir='ltr'><strong>circiter.</strong></span> <span class='ocrx_word' id='word_1_336' title='bbox 982 3997 1097 4080; x_wconf 89' lang='lat' dir='ltr'><strong>Pagina</strong></span> <span class='ocrx_word' id='word_1_337' title='bbox 1114 4005 1164 4060; x_wconf 81' lang='lat'><strong>45.</strong></span> <span class='ocrx_word' id='word_1_338' title='bbox 1181 3997 1273 4065; x_wconf 85' lang='lat' dir='ltr'><strong>buius</strong></span> 
     </span>
     <span class='ocr_line' id='line_1_40' title="bbox 139 4085 1271 4174; baseline 0.008 -26"><span class='ocrx_word' id='word_1_339' title='bbox 139 4087 267 4150; x_wconf 80' lang='lat' dir='ltr'><strong>codicis:</strong></span> <span class='ocrx_word' id='word_1_340' title='bbox 285 4085 446 4170; x_wconf 70' lang='lat' dir='ltr'><strong>Incipiunt</strong></span> <span class='ocrx_word' id='word_1_341' title='bbox 462 4087 656 4171; x_wconf 84' lang='lat' dir='ltr'><strong>glossemata</strong></span> <span class='ocrx_word' id='word_1_342' title='bbox 677 4090 717 4153; x_wconf 88' lang='lat' dir='ltr'><strong>de</strong></span> <span class='ocrx_word' id='word_1_343' title='bbox 735 4088 914 4153; x_wconf 82' lang='lat' dir='ltr'><strong>Prudentia.</strong></span> <span class='ocrx_word' id='word_1_344' title='bbox 947 4090 1073 4154; x_wconf 86' lang='lat' dir='ltr'><strong>Glossae</strong></span> <span class='ocrx_word' id='word_1_345' title='bbox 1096 4090 1271 4174; x_wconf 87' lang='lat' dir='ltr'><strong>pleraeque.</strong></span> 
     </span>
     <span class='ocr_line' id='line_1_41' title="bbox 140 4180 1274 4268; baseline 0.005 -25"><span class='ocrx_word' id='word_1_346' title='bbox 140 4192 170 4243; x_wconf 91' lang='lat' dir='ltr'><strong>nt</strong></span> <span class='ocrx_word' id='word_1_347' title='bbox 186 4182 216 4243; x_wconf 92' lang='lat' dir='ltr'><strong>in</strong></span> <span class='ocrx_word' id='word_1_348' title='bbox 233 4181 320 4243; x_wconf 86' lang='lat' dir='ltr'><strong>isone</strong></span> <span class='ocrx_word' id='word_1_349' title='bbox 342 4193 373 4245; x_wconf 88' lang='lat' dir='ltr'><strong>et</strong></span> <span class='ocrx_word' id='word_1_350' title='bbox 388 4181 458 4244; x_wconf 88' lang='lat' dir='ltr'><strong>Vat.</strong></span> <span class='ocrx_word' id='word_1_351' title='bbox 483 4182 521 4242; x_wconf 83' lang='lat' dir='ltr'><strong>A.</strong></span> <span class='ocrx_word' id='word_1_352' title='bbox 539 4180 686 4261; x_wconf 82' lang='lat' dir='ltr'><strong>Quasdam</strong></span> <span class='ocrx_word' id='word_1_353' title='bbox 711 4184 797 4247; x_wconf 80' lang='lat' dir='ltr'><strong>lunius</strong></span> <span class='ocrx_word' id='word_1_354' title='bbox 820 4184 931 4247; x_wconf 87' lang='lat' dir='ltr'><strong>codicis</strong></span> <span class='ocrx_word' id='word_1_355' title='bbox 954 4183 1091 4268; x_wconf 91' lang='lat' dir='ltr'><strong>proprias</strong></span> <span class='ocrx_word' id='word_1_356' title='bbox 1114 4183 1179 4248; x_wconf 88' lang='lat' dir='ltr'><strong>suis</strong></span> <span class='ocrx_word' id='word_1_357' title='bbox 1196 4185 1274 4250; x_wconf 85' lang='lat' dir='ltr'><strong>loeis</strong></span> 
     </span>
     <span class='ocr_line' id='line_1_42' title="bbox 138 4276 1274 4363; baseline 0.006 -26"><span class='ocrx_word' id='word_1_358' title='bbox 138 4277 281 4339; x_wconf 89' lang='lat' dir='ltr'><strong>inseram.</strong></span> <span class='ocrx_word' id='word_1_359' title='bbox 314 4278 385 4342; x_wconf 90' lang='lat' dir='ltr'><strong>Post</strong></span> <span class='ocrx_word' id='word_1_360' title='bbox 399 4277 540 4363; x_wconf 79' lang='lat' dir='ltr'><strong>hymnum</strong></span> <span class='ocrx_word' id='word_1_361' title='bbox 557 4276 772 4360; x_wconf 78' lang='lat' dir='ltr'><strong>exequiarum,</strong></span> <span class='ocrx_word' id='word_1_362' title='bbox 795 4278 882 4343; x_wconf 67' lang='lat' dir='ltr'><strong>naeu</strong></span> <span class='ocrx_word' id='word_1_363' title='bbox 896 4278 977 4342; x_wconf 89' lang='lat' dir='ltr'><strong>liber</strong></span> <span class='ocrx_word' id='word_1_364' title='bbox 991 4279 1184 4361; x_wconf 76' lang='lat' dir='ltr'><strong>hymnorum.</strong></span> <span class='ocrx_word' id='word_1_365' title='bbox 1216 4278 1274 4345; x_wconf 87' lang='lat' dir='ltr'><strong>Se-</strong></span> 
     </span>
    </p>
   </div>
   <div class='ocr_carea' id='block_1_4' title="bbox 0 0 1426 4808">
    <p class='ocr_par' dir='ltr' id='par_1_4' title="bbox 0 0 1426 4808">
     <span class='ocr_line' id='line_1_43' title="bbox 0 0 1426 4808; baseline 0 1"><span class='ocrx_word' id='word_1_366' title='bbox 0 0 1426 4808; x_wconf 95' lang='lat' dir='ltr'><strong> </strong></span> 
     </span>
    </p>
   </div>
  </div>
 </body>
</html>
