2842 4778
542 283 546 291 ·
563 261 828 316 HAMARTiGENiA.

297 452 378 515 oeus
394 451 519 513 minoris
535 449 731 534 conprobavit
747 449 890 512 hostiam:

296 544 402 607 reiecit
417 544 510 620 illam,
528 565 615 626 quam
632 543 748 626 paravit
763 544 917 624 grandior.
936 536 939 541 ’

296 638 365 702 Vox
380 648 449 702 ecoe
466 660 581 718 summo
597 639 689 722 missa
705 638 852 721 persultat
868 640 992 702 throno:

295 728 370 797 Gaio
387 736 519 816 quiesce,
539 756 665 816 namque
680 736 705 796 si
724 746 806 797 recte
822 734 944 810 offeras,

295 832 393 895 oblata
409 851 465 892 ueo
482 842 511 892 tu
527 830 593 912 lege
612 840 695 892 recte
712 830 839 906 dividas,

294 944 438 1008 perversa
456 923 571 1005 nigram
589 933 658 985 voto
674 916 788 1005 cuipam
807 912 967 986 traxerint.

293 1017 397 1080 Anuat
413 1018 519 1080 deinde
535 1015 725 1100 paricidalem
743 1037 861 1079 manum

189 1155 191 1160 ·
294 1115 389 1176 frater
404 1113 545 1196 probatae
560 1111 730 1176 sanctitatis
746 1113 892 1185 aemulus,

206 1244 210 1250 ·
292 1228 434 1290 germana
451 1229 545 1271 curvo
561 1208 637 1270 coila
654 1207 764 1288 frangit
779 1207 909 1278 sarculo,

294 1301 601 1363 mundumreoeutem
619 1302 709 1363 caede
726 1300 832 1381 tin'guit
847 1300 940 1381 inpia,
1042 1310 1044 1314 '

294 1413 364 1456 sero
380 1394 573 1475 expiandum,
592 1395 649 1457 iam
667 1403 873 1458 senescentem
889 1414 977 1455 sacro

191 1495 196 1503 '
295 1506 403 1548 eruore
420 1487 547 1564 Christi,
566 1509 624 1569 quo
640 1497 812 1571 peremptor
827 1487 989 1550 concidit«
1020 1520 1023 1525 ’
1063 1542 1067 1549 .

294 1579 376 1642 Mors
393 1582 485 1664 prima
502 1578 785 1666 coepit-innocentis
802 1583 938 1657 vulnere,
979 1648 984 1657 q

293 1675 387 1738 cessit
402 1671 509 1739 deinde
525 1679 683 1740 vulnerato
700 1677 857 1739 innoxio:'

293 1789 346 1850 per
361 1770 474 1832 crimen
490 1781 569 1847 orta,
588 1771 732 1833 dissoluta
749 1781 797 1833 est
812 1770 948 1846 crimine,

292 1861 370 1924 Abel
388 1863 465 1943 quod
477 1875 552 1933 ,ante
568 1864 705 1945 perculit,
724 1864 874 1926 Christum
893 1863 1017 1927 dehine:

292 1958 376 2021 finita
393 1959 503 2040 etipsa
519 1971 567 2021 est
583 1961 648 2021 finis
665 1968 801 2035 enortem
818 1969 935 2043 petens.
985 1958 989 1963 ’

378 2050 458 2133 Ergo
475 2072 515 2114 ex
532 2053 640 2116 suturis
656 2054 752 2136 prisea
768 2053 865 2135 coepit
881 2051 992 2130 sabula,

293 2144 427 2225 tactoque
444 2146 605 2226 primores
622 2156 723 2208 notata
739 2156 786 2209 est
800 2145 916 2223 ultima.

292 2246 325 2297 ut
339 2238 388 2299 ille
405 2240 510 2301 mortis
526 2240 684 2305 inchoator
699 2241 828 2305 rusticus

293 2330 406 2394 insulsa
422 2341 523 2395 terrae
539 2334 677 2397 deterens
696 2335 837 2398 libamina

293 2420 436 2505 deumque
452 2444 553 2486 rerum
571 2428 914 2509 mortuarumdeputans

291 2521 396 2582 rastris
414 2521 533 2582 redacta
550 2521 637 2604 digna
655 2522 750 2584 sacris
766 2523 914 2598 erederet,

291 2613 424 2677 viventis
441 2625 531 2677 atrox
548 2616 715 2680 aemulator
731 2615 857 2679 hostiae.

376 2712 516 2793 Agnosco
533 2732 649 2795 nempe,
668 2733 753 2794 quem
771 2712 864 2795 figura
881 2712 953 2775 haee
968 2713 1102 2790 denotet,

193 2883 220 2934 9.
239 2883 285 2933 itta
300 2899 325 2934 u.
468 2886 507 2934 ll.
524 2901 615 2950 naamq.
637 2887 673 2947 h,
700 2901 760 2936 nom
781 2885 813 2935 W
828 2885 903 2951 Prag.
918 2884 1013 2938 weita,
1030 2888 1090 2948 (non
1106 2887 1152 2949 B);
1179 2891 1255 2937 reato

123 2950 215 3002 ssiat.
351 2952 390 3002 12.
412 2956 516 3002 raotoh
532 2952 551 3002 Ε
566 2953 584 3002 Ρ
601 2953 678 3003 Lour.
693 2970 707 3003 a
722 2957 779 3006 hid.
795 2956 877 3021 bugd.
893 2955 967 3007 Faba.
986 2956 1061 3006 Chor.
1078 2954 1162 3006 Poett.
1178 2955 1258 3020 Oba,

124 3019 388 3084 rartaPrag.·otuu
409 3021 545 3071 siah-tres
565 3020 619 3071 Gis.
635 3023 731 3074 Weitz.
747 3025 950 3078 Amsanfleios.
976 3025 1042 3076 Cett.
1058 3026 1155 3088 Aren,
1182 3030 1256 3076 certa

125 3090 143 3139 B
158 3090 260 3156 (supra)
275 3088 293 3138 h
308 3088 341 3141 W
355 3105 442 3153 margo
456 3091 533 3140 trium
546 3089 625 3140 sicu:
751 3095 790 3145 13.
812 3097 940 3145 I’eroeraa
953 3094 1057 3162 eulpam
1072 3101 1133 3144 oona
1148 3100 1253 3156 nuaram

126 3163 306 3209 traxerintu.
406 3158 444 3208 19.
464 3159 707 3224 peremptoRau.
795 3165 836 3213 20.
857 3161 1097 3224 SaraAEP(att.
1113 3161 1254 3224 admarg.)

124 3224 202 3278 Tlrr.
218 3242 233 3277 u
247 3244 280 3286 υς
300 3227 417 3277 atalaerr'a
431 3227 448 3277 B
464 3228 540 3277 Febr.
557 3229 691 3279 sichimis
705 3231 780 3281 tlhor.
798 3231 881 3282 Poett.
1015 3234 1057 3281 at.
1080 3233 1174 3280 Cessat
1186 3227 1253 3279 coni.

125 3294 199 3359 Bere.
216 3311 256 3362 ap.
272 3294 368 3347 Weitz.
481 3297 523 3346 24.
542 3297 618 3347 Finit
632 3298 692 3348 Bon.
816 3301 858 3350 26.
874 3306 938 3351 nota
953 3304 982 3350 Α.
1100 3297 1142 3345 31.
1158 3301 1253 3347 imma·

125 3364 198 3415 lator
212 3366 274 3414 Boo.
380 3365 423 3415 32.
444 3381 514 3429 quae
525 3365 584 3414 nto.
600 3364 680 3428 Lugd.

123 3518 253 3578 altiores,
265 3533 316 3583 par
328 3533 395 3583 quos
406 3526 556 3584 appareat,
570 3535 605 3567 aaa
618 3502 668 3568 airi-
765 3520 806 3569 12.
825 3516 905 3570 Reate
918 3519 1012 3583 offert,
1027 3519 1075 3579 qui
1086 3515 1195 3566 domino
1208 3533 1253 3568 aa·

124 3602 191 3638 nara
211 3592 303 3636 aetate
328 3591 356 3636 in
375 3593 504 3637 maiorem
525 3595 668 3638 transuen—
711 3591 835 3652 arfinan
854 3587 902 3635 red
920 3583 1183 3647 nannetodorum,
1206 3590 1255 3651 qraa'

124 3654 206 3706 da'raa.
226 3652 296 3705 Haeo
306 3655 393 3719 fligini
408 3655 492 3720 opinio
503 3671 534 3705 an
546 3671 607 3706 vero
622 3657 667 3715 sit,
711 3674 763 3707 non
781 3655 920 3717 adtendat,
940 3653 984 3700 arai
1002 3650 1044 3698 val
1062 3653 1129 3718 quaid
1148 3654 1189 3703 rel
1200 3671 1252 3721 quo

125 3739 174 3774 ooo
193 3724 366 3789 argumentis,
394 3725 437 3773 sed
458 3725 539 3773 ocutis
559 3725 667 3775 iudicari
711 3726 779 3788 loro,
793 3725 836 3774 orl
847 3728 908 3789 quia
922 3722 1036 3784 apsent,
1051 3723 1100 3785 qui
1111 3726 1256 3787 sacrificat

125 3792 252 3858 poterit.¹¹
275 3821 308 3830 -
332 3795 434 3844 scroto
459 3813 485 3837 =
509 3800 602 3844 torrae
627 3793 670 3844 uel
711 3795 746 3859 gt.
762 3809 785 3842 a.

124 3862 262 3912 sulcorum
276 3860 324 3910 iso.

130 3928 133 3935 '
177 3929 218 3978 11.
234 3928 426 3978 Sententiarum
441 3945 537 3980 nexus:
552 3931 578 3980 Si
590 3932 667 3980 etiarn

123 4004 226 4061 manto,
246 4012 295 4062 qua
309 3998 398 4060 decet,
420 3999 530 4061 offeras,
552 4007 611 4049 vota
625 4008 668 4049 tuo

125 4080 173 4115 uon
196 4072 303 4130 arrepta
325 4073 399 4128 sunt,
426 4067 485 4132 quia
510 4068 597 4119 obtata
621 4084 667 4117 oon
763 4068 804 4117 25.
824 4063 981 4125 exsertum
998 4064 1252 4127 prireaaoepr'tsa-

124 4140 196 4184 reeta
210 4149 265 4184 euro
280 4141 363 4184 mente
384 4135 512 4186 diviseris
540 4137 667 4189 Loousox
712 4132 796 4200 hulaJ.
826 4131 893 4194 „hai
914 4144 990 4179 verae
1009 4130 1139 4179 enarratio
1158 4144 1190 4179 ex
1212 4129 1253 4179 ha-

124 4200 199 4251 Lxx
225 4203 335 4268 interpp.
367 4204 485 4255 vorriano
511 4202 573 4257 Gen.
600 4208 627 4269 4,
652 4207 666 4253 7
710 4203 775 4253 turis
795 4207 875 4251 morte
894 4197 989 4247 Christi
1006 4198 1172 4256 adducenda,
1191 4197 1253 4264 quia

125 4271 231 4337 petitus.
710 4271 773 4320 haec
786 4285 831 4335 per
843 4269 913 4320 itiam
923 4266 1074 4317 adumbrata
1086 4265 1168 4317 suit.“
1182 4266 1251 4320 eutr.

184 4376 480 4423 unianimaormo.
1020 4349 1042 4413 9
1275 4266 1360 4506 ι

763 3897 805 3945 2-1.
827 3893 894 3944 hiare
905 3891 995 3939 mortis
1008 3907 1054 3940 seu
1064 3892 1122 3941 finis
1136 3901 1250 3943 exortem

712 3972 801 4032 petens
814 3962 942 4011 Christum
956 3960 1011 4025 ipo'a
1024 3960 1094 4009 tioita
1109 3969 1159 4011 est.
