2842 4778
142 264 182 324 26
503 260 579 330 ΑΗΕ.
593 260 772 313 ruuunliril
788 262 891 314 etuti.

139 468 171 517 ss
389 456 456 520 Nec
471 457 545 519 ticilt
558 462 662 520 tamen
678 459 780 519 anxiis
796 458 931 536 medela3

349 565 420 611 nam
436 551 605 627 languente
619 552 719 613 trucis
734 552 833 613 leonis
848 552 894 612 ira

349 646 485 722 inlapsae
502 648 784 723 superingeruntur
798 661 900 707 escae.

389 739 476 822 Quas
490 744 516 804 sl
532 745 602 819 quis
618 744 760 805 sitienter
776 742 944 803 hauriendo

348 852 409 900 non
425 842 523 914 gustu
537 839 643 913 tenui,
661 838 714 898 seu
731 837 890 912 ureniana

348 934 479 995 internis
494 934 570 995 velit
584 934 733 1010 inplicare
748 934 848 1008 venis,

390 1026 450 1089 llic
465 1033 572 1090 sancto
589 1031 721 1091 satiatus
738 1042 777 1088 ex
793 1028 940 1102 propheta

348 1125 500 1189 iustorum
517 1127 616 1201 capiet
631 1127 717 1186 citos
732 1125 884 1200 virorum,

347 1221 400 1296 qui
417 1221 553 1282 lructum
568 1218 702 1282 Domino
719 1224 838 1281 metunt
852 1219 991 1295 perenni.

388 1313 445 1377 Nil
457 1320 505 1376 est
520 1316 642 1378 uulcius
657 1331 694 1376 ac
709 1315 809 1391 magis
826 1329 983 1390 saporum,

350 1412 394 1473 nil
410 1411 490 1486 qnou
507 1411 577 1486 plus
592 1411 746 1472 hominem
762 1412 872 1472 iuvare
886 1410 997 1485 possit,

348 1519 441 1581 quam
457 1507 539 1566 vatis
554 1508 604 1582 pia
619 1506 829 1582 praecinentis
845 1519 928 1567 orsa.

390 1598 449 1661 ilis
465 1602 597 1678 sumptis
612 1601 685 1663 licet
700 1601 838 1662 insolens
853 1604 991 1676 potestas

347 1710 477 1771 pravum
493 1697 610 1760 iulioct
624 1699 808 1773 inrogetque
828 1702 970 1773 mortem,

347 1790 461 1865 inpasti
478 1790 550 1852 licet
565 1792 692 1852 inruant
707 1790 822 1851 leones.

389 1882 457 1945 Nos
473 1899 596 1961 semper
608 1881 772 1946 Dominum
790 1888 908 1960 patrem
925 1883 1059 1943 latentes

346 1980 436 2056 inte,
456 1977 582 2044 Christe
599 1978 695 2056 Deus,
713 1981 876 2057 loquemur
893 1994 988 2040 unum

348 2081 589 2153 constanterque
605 2082 689 2139 tuom
706 2092 829 2138 crucem
848 2078 999 2136 feremus.

372 2263 404 2313 V.
437 2261 572 2315 uluuus
592 2264 634 2314 AD
654 2261 825 2314 incensum
844 2259 1031 2312 LUCERNAE.

349 2397 498 2462 inventor
512 2400 620 2476 rutili,
639 2400 703 2461 dux
719 2399 815 2475 hone,
834 2397 973 2473 luminis,

306 2496 357 2571 qul
374 2496 469 2558 certis
485 2497 605 2559 vicibus
621 2500 759 2570 tempora
775 2495 900 2569 divitiis,

209 2652 251 2700 85.
273 2651 344 2701 desit
362 2668 423 2710 cup
454 2654 498 2704 sed
519 2653 585 2716 defit
601 2673 628 2697 =
645 2651 745 2714 deficit,
771 2652 858 2714 deest,
885 2650 933 2700 cir.
949 2650 977 2700 P.
991 2648 1049 2711 llll,
1064 2651 1105 2699 66.
1136 2650 1268 2701 Burmad

140 2720 244 2768 Anthol.
259 2720 304 2769 lai.
321 2720 340 2781 l,
355 2737 378 2786 p.
394 2722 453 2772 lau.
605 2724 647 2771 86.
668 2724 754 2770 trucis
768 2720 844 2770 Laur.
860 2720 868 2769 i
883 2737 896 2767 o
910 2735 927 2768 u
940 2719 999 2769 nit.
1021 2717 1102 2780 Lagei.
1124 2718 1195 2770 Sieh.
1215 2729 1268 2770 tres

141 2787 216 2838 Febr.
233 2787 287 2837 Gis.
303 2787 400 2839 Weitz.
415 2791 491 2841 Chor.
506 2790 588 2840 Poett.
603 2792 699 2839 Amstr.
715 2791 791 2838 Aren.
816 2787 883 2853 [Cir.
899 2786 960 2837 Hor.
980 2785 1027 2836 0d.
1044 2786 1063 2850 l,
1078 2788 1120 2849 22,
1135 2788 1150 2837 2
1164 2789 1269 2839 lilaarr'e

140 2856 267 2921 iaculis]‚
282 2858 388 2907 tracti·
404 2859 458 2909 Put.
474 2858 648 2923 aeplicius.
663 2856 728 2907 Ceti.
744 2855 809 2905 Obb.
984 2856 1027 2906 89.
1046 2856 1116 2907 Nam
1130 2873 1153 2905 o.

174 2926 217 2975 el.
233 2927 301 2975 ilinc
314 2925 362 2974 i'uit
373 2925 398 2975 in
412 2925 470 2978 Rat.
485 2929 504 2978 i.
654 2925 697 2974 95.
718 2927 853 2975 lominum
868 2923 948 2987 Luget.
1104 2926 1160 2974 lul.
1181 2927 1269 2976 Deum

142 2994 284 3060 loquemur
297 2995 364 3045 coni.
376 2996 453 3046 liner.

209 3128 240 3179 V.
260 3131 381 3198 Hymnus
393 3131 430 3181 ad
442 3134 578 3181 incensum.
592 3131 748 3181 lucennaco
762 3131 769 3180 i
783 3145 838 3179 cum
857 3130 984 3197 plerisque
998 3132 1074 3193 edd„
1100 3132 1221 3198 Hymnus
1233 3132 1271 3182 ad

139 3203 275 3249 incensum
289 3215 319 3263 a,
335 3201 387 3250 des.
403 3200 535 3266 inscriptio
548 3201 573 3250 in
586 3216 618 3266 p,
639 3200 759 3267 Hymnus
769 3200 806 3250 ad
818 3204 998 3251 incoeptionem
1011 3201 1136 3250 lacernae
1147 3200 1225 3250 Laur.
1242 3219 1267 3263 n,

141 3268 195 3318 aaa
211 3269 248 3319 ad
267 3273 451 3320 accensionem
470 3270 594 3319 lucernae
612 3269 671 3320 nlo.
691 3269 771 3333 tngo.
782 3308 790 3332 ,
822 3269 865 3319 Aa
887 3274 1023 3319 incensam
1043 3273 1115 3319 ceree·
1131 3271 1270 3334 paschalia

139 3336 217 3388 uate.
233 3336 305 3401 um,
325 3339 444 3406 Hymnus
458 3338 490 3388 de
503 3355 569 3390 nono
582 3338 683 3388 lumine
693 3339 831 3404 paschalis
844 3340 951 3389 sabbati
962 3337 1040 3388 Areu.
1148 3341 1174 3388 i.
1190 3339 1227 3390 ite
1241 3356 1268 3390 v.

140 3405 294 3458 rexnam.
309 3425 327 3456 α
339 3423 354 3458 a
368 3408 376 3457 i
389 3423 403 3457 o
416 3424 432 3457 ιι
445 3424 500 3458 cum
514 3408 593 3474 reiqq.
607 3407 665 3458 niu.
681 3405 760 3472 Lagei.
776 3406 872 3458 Weite.
890 3408 977 3456 licina.
993 3406 1058 3455 eeu.
1074 3405 1150 3467 0bb.,
1166 3407 1269 3458 Lumen

140 3476 222 3526 redde
235 3481 289 3526 tate
308 3478 431 3542 piram,
463 3477 561 3528 Lneeem
583 3479 692 3528 Christe
705 3481 762 3528 tute
779 3475 1025 3538 reddefidelitaess
1039 3474 1115 3525 Fater.
1130 3476 1200 3526 Sieh.
1215 3484 1269 3527 tres

140 3545 196 3597 Gis.
211 3546 236 3595 in
250 3553 323 3596 textu
342 3546 455 3606 (Lumen
468 3547 550 3597 redde
563 3550 616 3596 tais
631 3548 737 3599 Christe
749 3548 781 3597 ad
795 3549 877 3609 oram)
897 3543 973 3595 Chor.
989 3543 1071 3595 Poett.
1086 3547 1181 3596 Amstr.
1198 3545 1267 3613 [Cir.

141 3613 202 3664 lior.
218 3614 265 3666 uu.
283 3613 326 3678 lV,
342 3616 368 3679 5,
384 3616 408 3666 l.
422 3617 456 3666 ib.
471 3613 654 3683 Peerlkamp}

141 3751 258 3815 iniquis“
282 3752 306 3802 id
326 3753 406 3816 magis
425 3753 517 3818 prohat
535 3754 612 3806 Arev.
644 3753 682 3802 nd
778 3750 809 3799 V.
832 3750 891 3812 „De
904 3752 1021 3816 inscript.
1037 3751 1089 3800 vid.
1104 3749 1166 3800 Vae.
1182 3747 1267 3809 Loci„

139 3828 268 3887 martyras
293 3823 355 3871 haec
376 3822 455 3871 verba
476 3822 574 3873 referre
596 3823 684 3872 mallet
726 3819 769 3871 aad
784 3833 888 3869 nereum
898 3820 1054 3885 paschalem
1068 3827 1125 3885 post
1136 3818 1210 3869 Prud.
1226 3835 1269 3868 ce-

140 3888 224 3951 ult,
245 3906 352 3956 quorum
372 3891 434 3941 fides
453 3908 544 3942 caussa
559 3892 682 3941 maiorum
727 3889 850 3939 lebratum
864 3904 920 3937 esse
931 3895 1041 3949 constat,
1055 3889 1107 3937 vid.
1121 3887 1225 3953 Hospin.
1237 3888 1268 3938 de

140 3974 239 4024 semper
255 3958 355 4009 suisset.
384 3959 507 4026 Equidem
527 3961 683 4027 praesedeo·
726 3959 792 4019 orig.
808 3953 868 4006 fest.
882 3954 977 4019 lv,12.
997 3955 1074 4007 Cone.
1090 3955 1174 4007 Tolct.
1188 3955 1232 4018 lV,
1241 3958 1265 4007 8.

139 4028 203 4077 tium
227 4028 443 4080 continuationem
474 4030 575 4081 invenio
601 4031 681 4093 deque
725 4023 926 4091 (trepontum.
940 4024 1267 4092 nymnnxmteplamie.

140 4097 241 4147 actibus
252 4097 365 4147 tristifici
386 4100 488 4166 tyranni
508 4101 603 4149 hancce
623 4113 683 4164 epo·
725 4096 743 4145 l.
756 4096 773 4144 Ι.
788 4095 880 4160 patu,
897 4094 958 4144 bibl.
973 4094 1039 4147 Ρ.Ρ.
1051 4111 1119 4146 mex.
1131 4094 1172 4145 ed.
1184 4093 1267 4157 Lugd.

140 4167 261 4231 strophae
274 4167 381 4231 accipio.
729 4165 802 4214 lora.
818 4161 884 4213 vlu.
898 4180 922 4230 p.
933 4165 1015 4227 utu).
1039 4165 1123 4230 Quare
1137 4164 1193 4224 Ar„
1208 4164 1269 4228 quia

191 4237 234 4285 87.
267 4235 389 4298 inlapsae
424 4232 681 4303 superingeruntur]
725 4234 841 4284 milne.
858 4234 902 4284 sil.
913 4242 1124 4285 commemoretur
1139 4240 1165 4282 et
1181 4246 1206 4280 v.
1220 4233 1268 4282 isa

139 4301 605 4366 „Cibaaeeeleetieex‹livinoverbo“
615 4303 681 4354 cert.
725 4302 870 4354 benedictio
882 4304 1006 4370 quaedem
1019 4319 1075 4355 esse
1088 4301 1206 4363 videtur,
1220 4303 1268 4352 hoe

54 4404 270 4510 A
