2842 4808
154 250 232 292 xxiv
574 243 837 299 raotecosturta.

153 415 204 498 qui
227 436 287 480 non
308 415 437 480 viderit?
472 415 612 480 Attamen
634 427 744 500 quanto
775 415 890 500 priores
913 414 1044 478 editores
1066 413 1189 476 criticae
1210 431 1278 497 per·

152 510 273 574 lectioni
289 510 472 594 reliquerunt
487 511 680 595 supplendum
697 522 786 594 atque
799 509 1056 587 resarcinandum,
1074 528 1176 572 eornm
1193 518 1277 570 tanto

149 605 498 698 diffidendumqscientiae
514 621 570 682 est,
588 605 638 670 ubi
654 607 737 669 codd.
752 615 879 668 aetatem
891 615 981 687 atque
997 605 1132 668 criticum
1145 604 1278 667 valorem

149 700 370 766 diiudicaruot.¹
399 701 483 782 Quod
507 721 572 765 cum
588 721 692 767 omnes
709 722 884 785 persuasum
906 699 964 762 sibi
980 698 1128 778 habeant,
1150 720 1277 782 quorum

150 794 240 859 buius
255 798 301 859 rei
316 797 456 860 iudicium
472 806 530 874 est,
547 797 591 859 nil
607 818 681 861 sane
696 797 868 881 proficerem
884 817 925 859 ex
941 795 999 859 illis
1016 797 1112 858 minus
1127 794 1279 859 accuratis

148 890 333 974 repetundis.
364 891 497 956 Fortuna
512 891 617 976 quippe
633 893 731 956 invisa
747 891 858 970 noluit,
883 889 954 974 quin
968 901 1001 954 ut
1016 890 1089 973 ipsis
1104 888 1199 952 oculis
1215 911 1279 952 om·

149 986 217 1066 nia,
249 989 292 1052 uti
316 990 465 1072 quondam
488 989 517 1052 in
540 989 639 1052 animo
664 990 736 1065 fuit,
769 987 923 1051 Prudentii
952 988 1062 1073 scripta
1085 996 1279 1050 monumenta

148 1081 333 1158 reviserem,
366 1083 492 1166 indeque
522 1083 559 1146 ad
587 1082 664 1145 bunc
686 1084 772 1144 finem
800 1083 1000 1146 aestimarem.
1040 1082 1164 1146 Brevem
1185 1080 1279 1164 igitur

148 1176 252 1252 codd,
270 1198 344 1261 quos
359 1178 439 1242 iuter
455 1199 560 1241 manus
576 1200 636 1241 non
654 1178 742 1241 babui
757 1199 857 1256 meas,
876 1177 1010 1241 notitiam
1028 1175 1122 1256 dabo,
1141 1177 1225 1260 plura
1240 1175 1278 1238 de

148 1273 346 1350 indicturus,
364 1296 438 1358 quos
455 1275 520 1358 ipse
536 1273 659 1341 contuli.

234 1368 315 1448 Quos
326 1369 478 1432 Prudentii
490 1369 552 1432 vidi
567 1369 653 1431 codd.
666 1378 815 1445 vetustos,
832 1368 854 1430 ii
870 1389 975 1431 omnes
990 1382 1020 1433 et
1030 1369 1125 1433 variis
1140 1367 1278 1431 lectioni-

147 1462 202 1528 bus
219 1476 249 1527 ct
262 1465 372 1550 glossis
397 1474 448 1527 ant
462 1463 704 1528 interlinearibus
725 1473 778 1527 aut
799 1465 835 1526 ad
852 1466 1015 1547 marginem
1031 1461 1213 1551 adpositisl)
1229 1464 1276 1526 in·

146 1560 253 1623 structi
265 1570 369 1637 erant,
394 1581 460 1622 cum
477 1560 662 1624 recentiores
678 1561 814 1643 utrisque
833 1562 896 1623 lere
911 1574 1062 1625 carerent.
1095 1562 1169 1624 Hinc
1185 1561 1276 1624 colle·

146 1655 241 1740 gerim
264 1667 314 1720 aut
336 1655 530 1719 Prudentium
553 1656 650 1740 ipsum
674 1657 747 1721 duas
771 1657 936 1721 carminum
957 1656 1152 1722 recensiones
1175 1658 1276 1720 conle-

147 1747 271 1834 cisse⁸),
296 1762 347 1815 aut
362 1771 423 1814 non
438 1752 532 1815 multo
554 1764 623 1837 post
642 1754 707 1817 eius
730 1754 840 1817 obitum
865 1753 982 1815 doctam
1004 1753 1098 1816 critici
1121 1753 1275 1815 cniusdam

146 1868 265 1910 manum
288 1858 405 1911 textum
428 1847 588 1911 lectionum
604 1848 752 1913 varietate
767 1871 821 1914 suo
845 1848 901 1912 sibi
922 1848 989 1912 usui
1005 1849 1053 1911 vel
1068 1848 1193 1912 aliorum
1210 1848 1276 1911 illn-

146 1954 270 2007 strasse.
296 1945 356 2009 lsta
371 1944 504 2028 prolecto
521 1955 624 2009 textus
639 1945 852 2031 discrepantia,
870 1943 992 2027 quaein
1009 1942 1094 2006 Catb.
1113 1943 1213 2028 hymn.
1229 1945 1273 2020 X,

147 2042 164 2098 9
182 2058 247 2121 sqq.
266 2039 296 2101 in
313 2038 399 2100 codd.
417 2037 566 2115 occurrit,
589 2039 644 2102 vix
659 2040 778 2103 aliunde
795 2039 852 2102 nisi
875 2037 1060 2099 cPrudentii
1077 2039 1190 2101 calamo
1206 2059 1275 2122 pro·

146 2132 251 2196 venire
274 2128 416 2215 potuit⁷).
443 2131 507 2194 lluc
527 2131 675 2194 traxerim
699 2134 783 2195 llam.
809 2150 930 2194 versum
948 2136 987 2191 69
1005 2130 1160 2212 etrequ.‚
1178 2130 1276 2212 quiin

145 2224 212 2290 aliis
224 2224 446 2309 exemplaribus
459 2226 577 2301 adsunt,
595 2224 703 2289 desunt
717 2226 747 2289 in
763 2224 842 2287 aliis.
868 2223 952 2303 Quod
966 2222 1113 2286 Obbarins
1129 2220 1274 2304 asserit⁸)

145 2319 242 2383 simile
258 2320 383 2382 duarum
396 2317 559 2382 editionum
572 2318 609 2380 ab
624 2319 697 2403 ipsis
712 2318 908 2404 scriptoribus
921 2329 1089 2403 paratarum
1104 2321 1274 2403 exemplum

145 2413 223 2498 apud
238 2423 357 2479 veteres
373 2437 432 2479 non
453 2416 602 2495 inveniri,
625 2436 690 2479 cnm
713 2415 856 2481 librorum
879 2416 1113 2499 evulgandornm
1136 2417 1275 2479 modnsa

145 2521 249 2575 nostro
271 2509 360 2595 longe
383 2511 521 2577 diversus
545 2513 654 2588 luerit,
681 2513 711 2577 id
733 2514 860 2578 nonita
883 2514 993 2576 sentio.
1032 2513 1149 2577 Etenim
1167 2512 1274 2576 utalia

144 2606 299 2685 omittam,
317 2619 473 2692 pernotum
490 2621 538 2674 est
552 2610 642 2689 illud,
665 2612 743 2694 quod
760 2613 796 2676 de
811 2611 939 2695 Virgilio
956 2611 1119 2675 memoriae
1135 2609 1272 2672 traditum

144 2696 234 2781 θεῖ’),
254 2720 359 2785 parere
375 2721 409 2764 se
421 2724 527 2765 versus
542 2724 627 2766 more
642 2713 731 2785 atque
746 2705 807 2767 ritu
818 2708 920 2766 ursino
933 2704 1034 2766 dicere
1049 2705 1138 2766 solito
1156 2702 1273 2778 „Nam-

143 2815 213 2877 qne,
230 2806 263 2857 ut
277 2795 329 2857 illa
345 2795 440 2859 bestia
456 2800 547 2859 fetum
564 2798 669 2859 ederet
682 2797 877 2880 ineffigiatum
895 2798 1124 2880 informemque,
1142 2797 1273 2859 lamben-

143 2890 239 2970 doque
250 2888 280 2950 id
293 2899 408 2971 postea,
426 2889 504 2971 quod
515 2889 560 2952 ita
571 2889 726 2966 edidisset,
741 2891 944 2953 conformaret
955 2901 985 2952 et
997 2890 1134 2971 fingeret,
1149 2890 1272 2973 proinde

142 2979 256 3064 ingenii
276 2999 392 3064 quoque
414 2980 462 3044 sui
484 2991 587 3065 partus
607 2991 745 3046 recentes
769 2983 836 3046 rudi
858 3002 927 3046 esse
942 2981 1018 3044 facie
1041 2991 1071 3042 et
1085 2983 1269 3065 imperfecta,

211 3152 239 3218 5)
258 3151 329 3217 Quae
347 3152 435 3202 leonis
453 3151 586 3218 (Magistri
600 3169 651 3205 sec.
669 3154 718 3219 tx)
738 3155 838 3205 nomine
859 3153 988 3216 feruntur,
1011 3152 1117 3219 reliquia
1131 3153 1185 3203 lere
1199 3168 1272 3217 prae·

142 3228 222 3272 stant.
249 3219 288 3270 W
287 3223 385 3271 citatus
404 3221 442 3287 (ln
456 3222 496 3272 ed.
515 3221 592 3289 1613)
611 3239 625 3273 e
645 3224 720 3274 codd.
734 3224 886 3289 Bougarsii
897 3229 923 3272 et
937 3221 974 3273 W
974 3221 1106 3271 idmnnm'i
1117 3237 1161 3271 eas
1176 3223 1270 3287 primns

142 3290 275 3354 evulgavit
288 3305 368 3355 neque
381 3291 513 3355 integras,
528 3299 556 3342 ut
567 3293 684 3357 videtur,
705 3308 785 3358 neque
799 3300 943 3344 accuratas.
975 3289 1038 3340 llum
1052 3292 1145 3341 ibidem
1161 3289 1200 3340 lso
1214 3290 1271 3339 illa-

142 3375 197 3410 rnm
215 3358 414 3427 explicationum
430 3368 521 3411 auctor
537 3362 621 3412 dictus
640 3363 692 3427 sit,
711 3362 839 3414 Weitaius
859 3377 907 3412 non
926 3367 1058 3410 memorat.
1086 3360 1155 3425 Quas
1168 3360 1270 3410 aliunde

142 3428 187 3479 alii
200 3429 262 3496 (cir.
276 3430 354 3482 brev.
379 3430 489 3481 Glossao
502 3431 593 3495 Voce,
614 3431 679 3481 0bb.
700 3432 814 3498 prolegq.
836 3449 858 3498 p.
879 3426 979 3492 xxtlt,
999 3437 1053 3480 not.
1067 3430 1095 3494 4)
1116 3432 1269 3493 attulerunt,

141 3513 236 3564 uosque
256 3515 288 3550 ex
304 3501 360 3550 cod.
375 3498 434 3550 Vat.
450 3501 517 3551 3859
536 3502 629 3568 passim
652 3501 843 3565 exhibebimus,
867 3501 953 3550 eodem
973 3513 1005 3548 cx
1025 3497 1093 3549 fonte
1112 3515 1161 3548 non
1183 3515 1270 3548 ornnes

139 3581 259 3618 manasse
272 3569 401 3620 videntur.
422 3569 458 3619 lle
471 3569 543 3620 laone
556 3577 640 3620 autem
653 3570 706 3620 vid.
720 3569 834 3620 Ekkard.
855 3568 981 3619 decusib.
997 3577 1137 3620 monaster.
1160 3568 1186 3619 S.
1203 3568 1271 3618 Galli

140 3636 280 3754 illiti·
295 3636 558 3757 quppqdqnp
577 3639 804 3758 titttlttl·
824 3637 1208 3757 tl⁹⁰ttttt¹²¹ttt1¹2.tt¹l
1221 3638 1267 3756 ll·

140 3773 187 3824 lat.
202 3771 248 3838 lV,
261 3788 286 3839 p
301 3743 352 3823 bbl
364 3743 415 3840 sq,
429 3742 532 3825 ldiilleb.
547 3743 631 3842 prael.
646 3776 678 3825 ad
691 3776 733 3825 ed.
748 3723 838 3826 colon
855 3744 970 3841 1’701,p.
984 3775 1009 3825 2
1080 3744 1086 3756 ι
1159 3744 1166 3757 ⁹
1260 3743 1267 3756 ·

207 3862 235 3929 6)
257 3862 362 3914 llectnm
376 3863 441 3914 vidit
454 3862 508 3913 Nic.
526 3863 646 3915 lleinsius
658 3863 690 3913 ad
704 3862 777 3913 Gatb.
792 3863 826 3926 X,
842 3864 856 3914 9
870 3872 896 3915 et
908 3864 1000 3932 Pspcb.
1014 3867 1062 3917 727
1075 3883 1113 3933 sq.
1141 3866 1196 3919 cb.
1211 3866 1265 3919 Gis.

139 3930 172 3982 ad
184 3930 279 3983 Perist.
294 3930 365 3995 xtV,
381 3933 430 3983 130
443 3948 483 3999 ap.
500 3931 595 3983 Weitz.
611 3949 636 3998 p.
651 3933 701 3983 tls
714 3932 820 3999 (Perist.
835 3932 904 3997 Vlll,
921 3935 990 3998 130).

208 4022 236 4088 7)
254 4021 324 4073 ldem
342 4021 437 4071 nostris
458 4022 541 4089 poetis
559 4035 607 4070 usn
620 4020 721 4071 venisse
734 4021 857 4073 videmus.
883 4021 937 4073 co.
959 4021 1002 4074 Fr.
1017 4024 1137 4076 Scbillcri
1152 4041 1264 4089 carmen,

139 4091 206 4157 quod
219 4091 261 4141 dle
273 4091 361 4141 ldeala
374 4089 536 4154 inscribitur,
550 4088 656 4156 eiusque
669 4089 813 4143 Matrisobc
827 4089 1065 4161 Usboractsungon.

208 4169 235 4234 8)
253 4169 369 4235 Prolqu.
384 4186 409 4237 p.
422 4165 534 4222 XXVll.

205 4245 235 4311 a)
252 4245 309 4298 ctr.
325 4245 392 4299 Gell.
407 4246 438 4299 ll.
453 4248 485 4299 Δ.
499 4245 582 4313 XVll,
598 4249 639 4312 10,
653 4248 678 4299 2.
