2842 4808
137 302 212 356 CAP.
230 302 276 355 ΙΙΙ.
297 300 340 354 Dll
355 300 531 355 coaternus
546 302 619 357 ldSS.
633 301 678 354 tlt·
692 303 907 357 nntrtottttttts
921 303 1114 358 Pounnata.
1167 308 1244 363 xum

107 492 229 555 quoquo
254 473 482 551 adnotationes,
513 473 620 556 quibus
647 483 750 538 textus
779 475 965 553 illustretur,
996 473 1086 538 immo
1116 474 1244 538 indicem

106 567 239 644 adiecit,
264 566 517 630 nndoblarietum
540 569 577 630 de
593 568 756 650 Prudentia
780 570 895 632 edendo
919 569 1070 653 cogitasse
1092 571 1178 632 laoile
1199 570 1246 632 in-

107 660 267 744 telligitur.
292 661 387 725 liuius
402 662 495 745 igitur
510 663 640 727 laborem
656 662 806 727 Arevalus
822 664 852 726 in
870 685 956 746 usum
972 686 1057 728 suum
1075 667 1164 728 tarite
1180 685 1247 729 sae·

107 754 176 841 pins
191 776 282 838 qnam
292 776 446 840 expresse
461 759 622 821 convertit.
647 758 765 820 Etenim
783 760 859 841 quod
876 761 913 821 de
928 760 994 823 eod.
1013 760 1081 823 Vat.
1101 766 1182 824 3859
1199 762 1247 840 (a)

108 845 281 928 seribit⁸⁸)a
315 851 480 930 „Collatus
508 854 563 939 luit
585 853 813 936 diligentissime
836 854 1009 918 allarietto
1032 874 1097 918 oam
1115 847 1246 918 editione

105 946 230 1025 Aldina,
247 967 289 1011 ex
305 970 366 1032 quo
377 969 433 1012 uos
449 949 640 1032 profecimus,
659 950 712 1011 sed
727 970 786 1012 uon
799 951 921 1013 omniuo
937 950 1032 1012 labori
1046 950 1244 1032 peperoimus.

107 1042 260 1127 Siquidem
286 1045 442 1128 praecipua
458 1045 523 1107 looa
540 1066 595 1107 nos
611 1045 667 1129 ipsi
683 1044 881 1125 contulimus,
904 1046 992 1108 etiam
1017 1058 1084 1128 post
1100 1065 1245 1124 summam

106 1137 244 1202 blarietti
266 1139 451 1223 diligentiam
472 1141 642 1222 probatam,
671 1139 805 1222 beneque
829 1147 1043 1223 perspectam“
1069 1141 1096 1201 id
1121 1140 1158 1201 de
1182 1149 1245 1202 toto

105 1229 229 1293 llarieti
246 1230 348 1294 labore
363 1231 453 1296 velim
471 1231 632 1314 intelligas.
667 1230 880 1318 Verumtamen
897 1233 995 1308 laude,
1014 1254 1070 1314 qua
1087 1232 1245 1295 Morietam

107 1332 223 1386 nuent
238 1334 415 1406 oneratque,
434 1343 529 1407 neque
544 1324 572 1387 is
588 1325 696 1405 diguus
713 1337 773 1401 est,
792 1345 887 1408 aeque
900 1327 1048 1390 Arevalua
1064 1325 1141 1408 ipse.
1164 1324 1246 1403 erae

106 1417 255 1482 llarietns
271 1430 323 1481 aut
337 1420 447 1483 intaeta
466 1419 586 1502 reliquit
602 1431 654 1484 out
669 1421 744 1482 lalsa
762 1431 852 1502 atque
868 1441 995 1484 erronea
1011 1421 1127 1498 retulit,
1149 1422 1244 1484 Arar.

107 1531 144 1576 ea
161 1513 293 1594 postoris
309 1515 431 1577 tradidit
445 1515 481 1577 ad
497 1515 640 1579 amussim
665 1515 850 1599 imperfecta.
884 1516 966 1595 Quod
984 1538 1051 1580 cam
1073 1517 1247 1581 sexcenties

108 1626 149 1670 ex
167 1608 242 1691 ipsis
257 1608 408 1689 codicibus
429 1608 500 1671 mibi
524 1630 699 1692 persuasum
722 1621 822 1686 esset,
847 1612 935 1675 tertio
959 1612 1078 1675 oodioes
1094 1612 1247 1678 Romanos

108 1702 309 1766 exoutieados
333 1723 495 1786 aggressus
518 1725 604 1775 sum,
629 1724 726 1786 neque
743 1704 867 1788 vulgare
891 1707 1036 1788 quoddam
1053 1707 1132 1770 inter
1147 1708 1247 1791 spiras

108 1805 199 1877 atque
214 1795 338 1880 stipulas
355 1798 410 1860 luit
423 1797 618 1880 spicilegium.
634 1796 792 1859 inlinitum
811 1808 867 1871 est,
886 1799 1003 1880 quoties
1018 1801 1049 1862 ia
1061 1822 1143 1864 varr.
1162 1803 1244 1865 lectt.

108 1893 290 1958 adnotandis
305 1895 468 1972 erraverit,
487 1899 575 1957 toties
591 1895 759 1977 expressim
778 1915 965 1971 memorare3
989 1897 1080 1959 tacite
1095 1918 1162 1961 eum
1179 1920 1246 1961 eor·

106 1992 211 2075 rigere
227 1990 324 2068 libuit,
341 1992 483 2074 siquidem
498 2001 529 2052 et
543 1990 614 2053 mibi
626 2002 656 2053 et
672 1988 833 2052 lectoribus
843 1989 943 2052 minus
960 1992 1128 2055 molestam.
1147 1993 1246 2071 Quon-

100 2085 158 2149 'tae
174 2096 275 2150 antem
291 2086 380 2149 istum
392 2107 474 2149 varr.
494 2086 575 2148 lectt.
593 2106 719 2170 prorsus
735 2087 887 2168 fugerunt,
905 2088 1088 2169 eaedemque
1102 2088 1244 2171 optimae,

108 2184 207 2247 cnivis
229 2184 258 2246 id
282 2183 405 2265 liquebit
419 2205 465 2247 ex
481 2183 561 2246 notis
578 2183 690 2246 nostris
707 2183 869 2246 oritieis'et
889 2183 986 2247 obiter
1008 2195 1121 2247 tantum
1144 2186 1246 2269 inspe-

107 2279 177 2341 etis.
201 2279 243 2341 At
256 2297 330 2341 vero
347 2279 623 2342 eum'Prudentium
640 2279 784 2341 edendum
803 2299 896 2361 paene
915 2279 1133 2356 absolvissem,
1151 2300 1246 2362 grave

107 2373 308 2436 infortunium
329 2375 409 2437 viam
433 2367 693 2454 obstruxit‚'qoia
711 2372 738 2434 id
758 2373 898 2452 temporis
915 2375 950 2434 ad
970 2373 1057 2436 linem
1075 2393 1243 2456 pergerem.

107 2467 272 2530 (lonlornm
296 2467 403 2552 quippe
424 2489 485 2530 non
508 2466 633 2550 amplius
659 2460 867 2549 propemodum
892 2488 1012 2549 ooanpos
1036 2468 1171 2553 incoepta
1194 2469 1245 2529 de·
1314 2476 1315 2481 ’

108 2563 231 2645 reliqui.
250 2560 334 2640 Quod
350 2582 415 2624 oum
433 2584 492 2624 non
508 2562 575 2625 sine
592 2562 694 2623 dolore
711 2560 881 2635 accidisset,
900 2582 1081 2644 magnopere
1097 2560 1243 2633 laetabar,

107 2681 174 2723 enm
189 2660 217 2721 id
230 2657 308 2741 qood
323 2658 480 2720 meditatus
492 2676 572 2720 eram
590 2657 654 2740 ipse
664 2656 701 2719 ab
713 2656 773 2718 alio
786 2656 844 2718 rite
858 2658 920 2719 lere
932 2667 1082 2738 peractum
1097 2657 1244 2733 viderem,

107 2754 221 2835 dequo
236 2752 296 2815 iam
313 2770 405 2833 pauca
420 2750 492 2814 mibi
507 2750 632 2814 dicenda
647 2744 781 2828 saut⁸⁰).

106 2962 134 3012 8.
153 2960 259 3010 Damasi
274 2960 299 3009 ia
313 2958 414 3009 laudem
427 2959 453 3008 S.
469 2959 565 3021 Agnes.
595 2957 657 3009 Post
668 2959 786 3024 hymnam
810 2957 837 3006 S.
854 2955 961 3006 Romani
976 2957 1059 3023 hymni
1075 2957 1105 3006 do
1120 2953 1207 3005 Natali
1221 2962 1247 3005 et

106 3029 252 3097 Epiphania
267 3027 386 3090 Domini,
408 3025 462 3077 ota
472 3063 480 3089 ,
492 3028 573 3088 Pius,
589 3028 701 3091 fidelia,
716 3031 859 3087 inriorem,
880 3025 1065 3085 Dinochares,
1082 3015 1246 3089 llpotbeosls,

107 3097 314 3162 llaruartigroia,
326 3095 542 3164 Psyrbomaebia,
559 3094 633 3147 Libb.
650 3094 698 3145 duo
712 3096 836 3146 adversus
849 3093 1036 3162 Symmaobum.
1063 3092 1099 3143 De
1113 3093 1168 3142 rod.
1187 3092 1246 3142 Pra-

105 3167 198 3231 geusi,
219 3166 261 3231 qui
276 3164 381 3216 exbibet
394 3165 455 3214 libb.
472 3165 564 3226 calb,
580 3165 684 3230 Apotb.,
698 3163 783 3225 llam,
798 3163 873 3223 llitt.,
888 3170 978 3212 eontra
994 3162 1088 3228 Syram.
1106 3161 1112 3210 1
1127 3168 1153 3211 et
1166 3176 1245 3226 usqae

106 3239 149 3285 ad.
168 3252 192 3283 r.
207 3236 249 3297 11,
264 3233 305 3297 ll-,·
325 3234 360 3283 nil
378 3234 509 3300 peculiare
524 3234 589 3283 blar.
611 3233 699 3283 tradit.
721 3233 785 3284 Cod.
801 3230 976 3296 Viennensis,
996 3232 1038 3296 qui
1060 3231 1150 3299 Psprb.
1166 3230 1248 3281 solata

106 3319 189 3371 usquo
203 3304 236 3353 ad
250 3318 275 3352 v.
288 3302 340 3353 866
353 3304 477 3365 continet,
491 3302 562 3369 parvi
578 3302 653 3368 pretii
672 3310 721 3352 est.

178 3390 225 3449 35)
242 3387 359 3454 Prologg.
375 3404 433 3455 pag.
449 3390 492 3452 59,
506 3387 553 3439 sub
569 3385 614 3438 tV.

179 3475 225 3538 36)
243 3473 336 3527 dessio
348 3490 381 3526 an
397 3474 531 3527 liebreinii
547 3475 630 3525 liber:
646 3473 820 3525 Laler‘ur'rrbe
834 3476 996 3538 Anlltologie
1010 3472 1121 3521 araeden
1136 3471 1247 3524 obrirtl.

107 3544 245 3595 Da'rlatern
259 3544 304 3594 dea
317 3542 507 3596 Mittololtera.
528 3543 586 3594 Fir'r
597 3543 758 3607 apotomen
775 3543 832 3591 aad
840 3543 944 3608 Lyram
959 3539 1177 3604 bororisgugeben
1192 3540 1249 3589 rrnrl

107 3617 162 3663 mit
180 3611 388 3678 Anmerlrungen
410 3613 535 3680 beglsatet
556 3619 605 3662 ete.
620 3610 754 3673 (Francos.
773 3612 849 3673 1840)
873 3609 1045 3659 Prudentiana
1064 3623 1162 3673 quoque
1176 3608 1247 3658 exbi-

109 3682 187 3740 beat,
209 3696 265 3730 enm
279 3682 360 3748 ipsam
373 3697 421 3731 non
442 3682 560 3732 viderint.
582 3679 667 3746 Neque
687 3681 718 3730 ad
737 3695 817 3730 meam
832 3681 960 3743 bucusque
980 3677 1097 3727 notitiam
1119 3679 1246 3742 pervenit,

109 3765 167 3799 aona
183 3750 324 3799 doctissimi
339 3749 526 3815 bliddeldorplli
540 3749 620 3801 editio
633 3764 649 3799 a
662 3749 800 3814 bibliopola
814 3748 924 3797 sedecim
939 3747 1014 3797 aunis
1028 3747 1120 3797 abbine
1133 3746 1248 3797 indicata

107 3819 230 3882 (Corpus
246 3823 354 3881 poetar.
375 3820 517 3868 adriatiaa.
539 3819 576 3870 ad
594 3822 713 3884 optimos
730 3817 790 3866 edd.
812 3817 995 3867 etnoanullos
1009 3817 1079 3866 oodd
1111 3820 1248 3865 roreaaatt

107 3892 151 3936 ete
180 3887 261 3936 rtem.
276 3885 473 3953 Middeldorps.
489 3887 564 3953 Lipe.
581 3904 625 3950 op.
643 3885 672 3936 P.
688 3888 719 3937 0.
735 3886 850 3951 Woa'gol.
868 3889 903 3947 (a.
922 3885 998 3943 1813)
1013 3884 1045 3935 lll
1060 3882 1129 3934 Voll.
1143 3885 1171 3946 8)
1192 3892 1248 3934 tan·

106 3954 165 4004 dem
179 3953 317 4019 aliqnando
331 3957 355 4005 ia
371 3956 452 4006 laeena
468 3956 544 4006 luerit
556 3957 656 4006 emissa.
678 3983 712 3990 -
732 3952 828 4005 llxtant
843 3954 974 4005 Prudentii
995 3954 1110 4004 earmina
1131 3953 1247 4002 etiami·

106 4023 191 4089 Corp.
203 4029 277 4088 poet.
294 4023 414 4074 Gerenos
427 4025 493 4075 1593
506 4030 599 4090 (repet.
618 4024 678 4075 1611
696 4023 862 4088 menapios),
878 4027 903 4082 l,
920 4023 1043 4088 bogdan.
1055 4021 1153 4072 Batou.
1172 4022 1246 4081 1603,

105 4094 135 4154 4,
153 4091 228 4142 Ten.
244 4091 277 4153 ll,
299 4107 322 4157 p.
338 4093 405 4157 7⁰2,
427 4094 516 4145 eadem
536 4095 641 4144 exbibet
656 4095 760 4144 Cauaras
777 4098 919 4156 poetarum
943 4093 1118 4142 classicorum
1134 4089 1248 4153 deaptare,

103 4176 254 4211 sanorum
271 4167 302 4212 ot
315 4162 497 4227 profanorum
513 4169 564 4213 eto.
587 4161 704 4226 Lugduni
721 4162 802 4225 1616,
823 4160 893 4211 Toni.
911 4160 943 4223 ll,
958 4177 981 4226 p.
998 4162 1029 4210 ts
1043 4174 1114 4223 sqq,
1132 4159 1248 4208 Colloet.

103 4235 174 4280 veto.
187 4235 276 4295 poelt.
292 4230 387 4280 Aurel.
402 4231 543 4296 Allobrog.
561 4231 635 4291 16411,
651 4229 681 4292 ll,
696 4246 719 4296 p.
732 4232 791 4293 707,
808 4230 944 4280 Motttar‘r.
959 4244 1033 4292 oria-p.
1048 4232 1121 4290 prout.
1142 4226 1247 4276 Loudon

106 4299 188 4361 tata,
205 4296 236 4361 ll,
260 4313 284 4365 p.
301 4300 368 4351 taso
382 4314 457 4365 sqq,
473 4300 583 4351 Colleot.
602 4300 774 4350 pisaurensis
794 4302 913 4349 orantum
929 4302 1075 4363 poetarum
1097 4295 1247 4346 latinorum
