2842 4778
592 266 669 324 ΑΗΒ.
684 266 864 320 ruttuuuru
879 267 980 320 otuu.

522 471 579 518 eeu
595 470 720 517 raroere
735 455 844 519 clausa
860 457 1009 534 ligantur,

521 566 594 626 pars
610 551 664 611 iiia
679 551 836 625 potentior
851 555 948 626 extet,

523 661 602 722 quae
618 659 744 721 germen
761 647 799 706 at
816 647 941 707 aethere
956 648 1064 708 traxit.

564 739 596 803 Si
615 746 715 802 terrea
734 742 813 803 sorte
829 743 974 803 voitmtas

522 835 640 896 luteum
655 837 784 910 sopitat
799 850 896 912 grave
911 841 1027 913 captat,

523 929 647 990 animus
663 944 785 1005 quoque
800 931 935 1006 pondere
950 932 1054 993 rietus

521 1024 664 1100 sequitur
679 1038 737 1085 sua
752 1026 888 1085 membra
905 1025 1063 1086 deorsum.

564 1119 608 1182 At
624 1122 651 1180 si
666 1121 793 1195 generis
809 1136 927 1181 memor
943 1122 1027 1197 ignis

522 1215 666 1289 contagia
682 1216 771 1289 pigra
787 1220 923 1290 recuset,

521 1309 608 1368 veuit
624 1308 745 1383 hospita
761 1309 881 1369 uiscera
899 1323 1003 1370 seeum

524 1405 701 1480 pariterque
717 1410 856 1480 reportat
871 1408 908 1466 ad
926 1412 1023 1467 astra.

567 1495 648 1558 Nam
666 1500 746 1573 quod
763 1501 961 1574 requiescere
976 1515 1088 1576 corpus

522 1607 655 1653 stanuum
672 1593 740 1653 sine
756 1597 859 1654 mente
871 1594 1023 1669 videmos,

523 1687 658 1762 spatium
676 1688 769 1747 treve
786 1691 897 1762 restat,
916 1693 951 1748 ut
966 1689 1020 1749 atti

524 1786 643 1857 repetat
658 1783 800 1858 oouiegia
817 1798 941 1843 sensus.

569 1875 704 1939 Venient
718 1881 782 1939 trito
799 1879 918 1953 secuta,
938 1892 1008 1941 cum
1025 1881 1086 1942 tam

524 1976 630 2036 socius
646 1976 732 2037 oaior
745 1990 818 2037 ossa
835 1977 952 2038 renisat

527 2069 725 2144 animataque
741 2071 895 2143 sanguiue
911 2070 982 2129 vivo

525 2162 699 2222 habitacula
717 2163 847 2237 pristina
863 2166 977 2237 gestet.

569 2252 659 2334 Quae
675 2256 762 2331 pigra
779 2257 930 2316 cadavera
949 2257 1066 2330 pridem

527 2355 657 2415 tumulis
673 2354 847 2429 potreiaeta
865 2355 1018 2430 iacebant,

525 2448 669 2509 volueres
685 2449 846 2524 rapientur
864 2449 895 2510 in
912 2463 1007 2511 amas

525 2544 645 2606 animas
661 2546 807 2605 comitata
823 2532 955 2620 priores.

571 2638 652 2702 Hine
670 2643 804 2703 maxima
820 2655 896 2702 eura
913 2641 1066 2717 sepulcris

525 2737 716 2813 inpenditur,
735 2737 807 2798 hino
824 2737 980 2798 resolutos

525 2830 625 2889 honor
641 2829 771 2889 uttimus
786 2831 900 2904 accipit
914 2832 1003 2890 artus

527 2919 559 2973 et
577 2914 697 2974 iuueris
713 2915 847 2975 ambitus
867 2918 969 2975 ornat.

570 3000 713 3067 Candore
730 3006 861 3067 nitentia
878 3007 964 3067 oiaro

234 3116 266 3162 su
525 3099 728 3174 praetendere
744 3100 838 3159 lintea
854 3114 920 3159 mos
937 3104 996 3173 est,

301 3258 344 3307 25.
363 3255 489 3320 oolrtptae
502 3270 527 3303 o.
701 3253 743 3302 29.
764 3255 835 3318 a'gmr
857 3255 879 3304 tt
898 3254 976 3304 Laur.
992 3254 1049 3304 rut.
1063 3269 1107 3305 aa
1126 3264 1191 3315 (cunt
1205 3257 1240 3319 gi.
1255 3263 1358 3317 anima,

232 3343 302 3391 quoe
316 3329 412 3389 igneae
424 3330 466 3372 est
477 3329 603 3377 notttrae)
618 3322 654 3371 ut
669 3329 756 3388 (supra
770 3326 871 3386 antino)
885 3340 899 3372 o
911 3339 926 3389 p
937 3341 952 3372 u
964 3323 1020 3372 nid.
1036 3323 1118 3386 tuga.
1134 3324 1265 3375 sterteres
1281 3326 1358 3376 Febr.

233 3395 288 3446 uis.
305 3393 402 3444 Weitn.
428 3393 503 3442 Cher.
526 3391 608 3442 Poett.
629 3393 723 3442 Amstr.
745 3392 829 3454 Obb.,
854 3397 929 3457 ignei
946 3391 1001 3442 Nu
1019 3391 1104 3442 rto.
1125 3395 1212 3443 seheri.
1235 3394 1358 3460 Gnaev.q

234 3465 320 3515 Heius.
335 3462 400 3512 Ceti.
415 3462 504 3525 Areu,
524 3461 629 3526 igneoli
640 3461 671 3510 0.
812 3463 854 3512 30.
872 3465 955 3528 pigro
968 3463 989 3510 Α
1003 3461 1022 3511 Ε
1037 3462 1055 3510 Η
1072 3460 1090 3510 Ν
1106 3463 1126 3513 0
1141 3463 1159 3512 P
1173 3461 1192 3512 R
1207 3462 1283 3514 Laur.
1300 3462 1357 3514 rut.

234 3550 251 3581 a
263 3538 320 3599 (pro
333 3534 385 3582 dir.
400 3532 489 3597 script.
503 3532 534 3580 ad
548 3532 630 3593 oram)
644 3545 658 3580 o
673 3530 687 3579 b
701 3530 708 3578 i
722 3547 736 3596 p
750 3547 764 3595 q
777 3547 794 3579 u
813 3531 890 3580 Fabr.
906 3530 1001 3581 Weitz.
1019 3531 1105 3581 Heius.
1119 3531 1183 3580 cut.
1199 3535 1276 3582 Areu.
1291 3532 1356 3583 0bb.

234 3600 336 3668 [Claud.
358 3605 382 3650 in
397 3599 501 3666 Eutrop.
519 3600 538 3663 i,
552 3598 632 3666 4591,
652 3602 731 3664 nigro
746 3616 763 3647 α
784 3600 819 3659 (in
833 3604 917 3664 textu)
937 3616 951 3649 o
969 3599 1027 3650 uid.
1049 3599 1129 3663 Luqd.
1150 3600 1283 3651 sientres
1302 3600 1358 3653 Gis.

233 3670 310 3720 Chor.
327 3669 407 3720 Poett.
422 3671 515 3719 Anasta.
532 3669 620 3718 Ciam.
636 3666 677 3735 [Α.
697 3670 770 3718 iti'dd.
787 3669 816 3717 Η.
832 3667 904 3735 35η.
1073 3670 1114 3719 31.
1134 3670 1217 3734 Vegit
1229 3687 1253 3736 p.

301 3739 343 3787 tt.
364 3739 476 3787 Animas
490 3741 622 3788 comitato
635 3753 702 3786 euro
714 3738 862 3803 sepulchris
881 3754 905 3794 o,
920 3738 962 3786 uti
976 3753 1066 3787 versus
1080 3737 1237 3802 subsequens
1250 3741 1306 3792 dee.

267 3809 310 3858 ts.
331 3807 380 3856 Hie
396 3807 404 3854 i
422 3805 441 3854 i.
573 3807 615 3855 46.
636 3808 680 3856 hio
695 3808 705 3855 l
722 3809 739 3856 i.
875 3808 916 3855 to.
938 3808 1079 3856 luteola.

285 3947 327 3994 sti.
340 3941 702 4003 Reeatrreetionieterma'uur,
712 3958 773 3991 earn
817 3949 913 4008 partem
928 3941 1026 4000 refero,
1046 3958 1110 4008 quae
1128 3944 1242 3994 defuncti
1254 3948 1360 3997 eomita-

236 4029 361 4064 adornetur
381 4013 526 4060 electorum
539 4012 773 4076 suera'ta'mpietur
818 4019 885 4072 tum,
911 4025 956 4074 per
978 4012 1076 4075 pluteus
1095 4015 1202 4079 viasque
1228 4017 1358 4079 usquead

234 4085 270 4148 gt,
285 4098 309 4132 q.
817 4079 986 4130 catacumbas
997 4080 1070 4143 inque
1082 4082 1114 4131 iis
1125 4083 1185 4147 ipsis
1196 4087 1358 4147 processione

288 4152 329 4202 ts.
350 4147 478 4214 amoram]
494 4148 528 4196 ad
543 4161 598 4195 eam
609 4148 774 4210 exequiarum
817 4151 1037 4212 iongeperirneta,
1052 4152 1358 4217 parentibosatquoaani-

236 4236 340 4289 ponpae
352 4220 494 4285 (chrysost.
508 4216 598 4266 Homii.
613 4215 645 4263 ad
655 4216 773 4265 adtinet.
817 4218 854 4266 eie
874 4217 966 4279 agmini
981 4218 1208 4270 intervenientibus
1223 4221 1356 4272 Prodentii

238 4291 281 4354 iti,
300 4292 339 4354 12,
353 4288 514 4340 Kiredmaan.
535 4287 566 4336 de
581 4283 679 4334 runem.
693 4285 773 4350 pitu)
818 4301 881 4335 aero
895 4286 1123 4350 splendidissimum
1139 4289 1267 4340 residebat.

800 4410 978 4496 A
