2842 4808
566 265 642 319 ΑΙΙΙΙ.
658 262 838 318 ruuuuuilt
854 262 959 320 cultu.

354 451 518 518 Secretum
534 453 588 515 sect
603 452 724 530 grania
738 453 847 528 nequit
861 450 995 513 rationis
1010 454 1138 527 opertae

289 550 398 626 quaeri
413 550 516 626 aliter,
534 564 627 626 quam
644 549 671 610 sl
687 549 806 626 sparsis
822 548 873 610 via
890 547 1117 623 multiplicetur

205 656 255 706 aas
289 646 467 707 tramitibus
483 649 515 707 et
530 649 678 707 centenos
694 647 775 706 terat
790 644 891 705 oroita
907 643 1015 719 calles,

290 741 472 815 quaesitura
487 737 587 802 Deum
604 740 723 801 varlata
738 739 851 815 indage
866 737 1027 799 latentem.

289 831 400 910 Longe
415 834 501 895 allutl
516 848 626 896 verum
642 837 707 895 est:
732 847 804 894 nam
820 832 918 894 multa
933 832 1065 908 ambago
1081 831 1204 896 viarum

290 932 453 992 anfractus
469 930 580 991 inuios
596 928 689 991 halet
703 932 736 989 et
749 927 929 1004 perplexius
945 931 1050 990 erreis

290 1026 357 1088 sola
372 1040 480 1088 errore
494 1030 581 1088 caret
595 1026 727 1101 simplex
743 1026 805 1101 vla,
824 1025 929 1086 nescia
945 1024 1028 1085 ilectl

204 1134 255 1184 aso
290 1124 322 1184 in
338 1122 570 1199 diverticulum,
588 1123 680 1185 triviis
696 1137 753 1184 nec
768 1121 911 1198 plurilus
927 1136 1053 1197 anceps.
1080 1176 1084 1183 .

352 1216 425 1281 Non
443 1221 546 1280 tamen
562 1218 691 1293 imiliter,
710 1217 825 1292 ‹luplex
840 1230 1007 1279 occurrere
1023 1217 1111 1278 nouis
1162 1247 1164 1250 ⁴

292 1327 414 1388 semper
429 1313 500 1387 lter,
518 1312 811 1395 geminismortalla
827 1311 1041 1387 perillustre,

290 1423 361 1470 cum
377 1408 530 1483 uolitant,
549 1421 683 1483 quonam
700 1408 781 1469 ierat
794 1406 976 1483 ignorantia
991 1419 1149 1481 gressum.

291 1502 401 1565 Altera
418 1503 568 1564 multltltla
584 1507 644 1578 cst,
662 1508 695 1565 at
710 1503 843 1580 simplex
859 1503 958 1565 altera
973 1505 1007 1563 el
1021 1516 1101 1564 uuaz

206 1608 256 1658 aas
292 1610 354 1658 una
370 1593 469 1658 Deum
486 1597 640 1673 sequitur,
659 1597 747 1659 clivos
763 1597 838 1659 colit
852 1597 951 1658 altera
966 1595 1084 1671 plures,

243 1736 244 1740 η
293 1697 326 1754 et
340 1696 387 1754 tot
402 1696 475 1754 sunt
491 1693 560 1754 elus
576 1691 721 1766 divortia,
740 1695 816 1768 quot
830 1691 1017 1767 templorum

291 1788 394 1863 signa,
413 1790 490 1862 quot
504 1786 599 1849 aeriis
614 1786 747 1847 volitant
761 1784 978 1862 phantasmata
993 1784 1154 1846 monstris.

292 1882 359 1945 Aut
372 1881 430 1943 ilos
445 1880 618 1957 thyrsigeri
632 1881 715 1956 rapit
730 1880 768 1940 acl
786 1875 938 1955 Dionysia
954 1874 1080 1954 Bacchi,

292 1977 394 2039 lnllelt
408 1980 464 2037 aul
478 1977 559 2039 allos
574 1975 613 2037 atl
629 1970 810 2038 Saturnalla
825 1975 918 2052 testa,

206 2085 257 2134 eoo
291 2075 346 2133 aut
362 2073 463 2146 aocet,
481 2071 623 2132 occultus
639 2084 719 2145 quae
734 2084 823 2131 sacro
840 2066 998 2144 Diespiter
1012 2069 1117 2132 inians

292 2168 375 2228 inter
390 2166 522 2227 tlnnltus
538 2164 619 2226 solvi
635 2165 694 2225 sllll
710 2168 819 2239 poscat
834 2179 940 2226 aenos.

291 2257 420 2335 lamque
434 2257 625 2337 Lupercales
640 2259 761 2321 ierulae
776 2262 913 2337 nuolque
927 2263 1077 2338 petuntur

287 2414 347 2465 stt.
366 2413 539 2476 Tremulus,
554 2418 580 2465 ai
590 2414 668 2466 Febr.
684 2413 756 2479 Gls.;
776 2416 847 2467 obita
861 2431 886 2466 a.
993 2415 1052 2466 816.
1074 2413 1191 2464 latenter
1204 2411 1262 2464 Rei.

239 2486 300 2536 stt.
314 2483 403 2535 multa
416 2485 530 2548 ambage
542 2483 629 2534 lleins.
644 2483 733 2535 cunm.
748 2485 811 2535 Ans.
917 2484 976 2535 ets.
992 2485 1141 2550 Amastor
1157 2480 1253 2545 ant.;
1271 2497 1336 2547 per·

203 2554 302 2620 plexae
314 2552 396 2616 uugi.
411 2551 481 2603 Siclr.
494 2552 512 2603 ΙΙ
528 2551 562 2603 ΙΙΙ
576 2555 637 2618 (aon
651 2552 681 2616 ll.
775 2555 835 2605 866.
850 2553 1044 2605 diverticulum
1056 2554 1077 2603 lt
1091 2550 1111 2603 ΙΙ
1125 2551 1202 2603 Lnnr.
1217 2565 1232 2601 n
1245 2567 1262 2600 u
1275 2550 1333 2600 liti.

205 2621 287 2684 Lupi.
309 2621 442 2673 stolum
460 2620 537 2672 Febr.
559 2622 614 2674 Gis.
630 2622 729 2674 Wcitn.
750 2621 845 2687 Graan.
867 2622 945 2673 coos.
960 2621 1044 2673 Poett.
1059 2623 1154 2672 Aroatr.
1175 2621 1239 2672 Aac.
1253 2619 1334 2669 Areu.

205 2688 272 2741 (ltu.
294 2688 332 2758 [et
350 2691 387 2740 ita
407 2690 479 2741 codd.
495 2688 576 2741 uuest.
597 2691 670 2742 Noun.
686 2692 716 2742 lt.
733 2690 763 2753 ΙΙ,
778 2692 820 2742 61.
842 2690 897 2743 uir.
920 2689 967 2755 lx,
984 2691 1023 2741 17.
1044 2689 1166 2756 Quinctil.
1182 2687 1229 2748 lx,
1244 2687 1276 2738 2:
1292 2688 1335 2739 di-

204 2759 338 2809 eertieula
356 2764 384 2810 et
401 2761 547 2826 armarius
566 2765 594 2810 et
611 2761 734 2826 suffugia
752 2762 943 2823 infirmitatis,
967 2758 1060 2810 Donni.
1081 2756 1271 2809 atlantion.
1289 2755 1333 2819 W,

205 2828 232 2892 2,
246 2829 271 2878 7.
291 2825 366 2877 Serv.
381 2829 412 2877 nd
428 2827 500 2892 virg.
514 2829 578 2880 usn.
594 2827 641 2891 tx,
652 2829 712 2879 utu.
731 2830 827 2879 obbae.
843 2829 873 2879 ad
888 2828 948 2879 llor.
965 2827 1011 2896 Ep.
1028 2829 1047 2889 1,
1065 2829 1104 2890 15,
1119 2828 1158 2878 it).
1174 2828 1231 2877 eim.
1246 2825 1336 2876 diner-

203 2900 309 2947 eor-ium
322 2895 352 2946 ll.
368 2894 449 2963 8521,
474 2897 666 2947 dormientum
679 2897 791 2964 potiores
804 2911 846 2964 ap.
861 2896 948 2948 Heius.
966 2914 983 2946 a
997 2896 1086 2948 liniae.
1101 2897 1155 2961 (qui
1169 2895 1221 2946 ist.
1237 2894 1267 2945 at
1282 2893 1333 2943 ov.

205 2967 236 3015 Α.
253 2965 284 3027 ΙΙ,
299 2966 324 3028 6,
338 2964 368 3030 9)
382 2964 448 3015 eeu.
545 2966 605 3015 851.
625 2965 682 3016 Nec
694 2982 725 3029 n;
744 2968 854 3027 initiens
867 2968 904 3027 Α,
924 2969 1034 3030 inflictor
1047 2965 1067 3016 li
1082 2966 1112 3016 W
1127 2965 1159 3015 ad
1172 2979 1252 3024 ornus,
1266 2963 1334 3013 uude

205 3033 316 3096 crutam
329 3034 395 3083 coni.
412 3033 509 3084 Welta.
615 3034 674 3085 851.
689 3035 823 3098 multifidi
836 3037 845 3084 1
859 3033 934 3094 Rata
953 3050 1007 3086 urta
1020 3034 1042 3085 Α
1053 3033 1074 3085 ΙΙ
1087 3051 1105 3084 a
1118 3049 1133 3084 n
1146 3050 1161 3084 a
1174 3033 1233 3085 illi.
1247 3031 1332 3090 Luni.

203 3099 274 3153 Sielr.
285 3110 338 3152 tren
353 3100 428 3153 fabr.
445 3101 500 3152 Gis.
515 3100 610 3162 Graan.
627 3101 702 3152 Clror.
717 3102 802 3153 Poett.
817 3105 911 3154 amatr.
922 3105 1000 3154 Areu.
1015 3102 1093 3166 otu,
1112 3117 1195 3153 arrum
1208 3100 1228 3152 ΙΙ
1241 3099 1262 3151 ΙΙ
1276 3098 1333 3151 Gir.

203 3171 236 3221 nt
250 3185 321 3221 ornan
341 3170 438 3221 Waltz.
460 3170 549 3222 Heius.
568 3169 657 3220 Clam.
678 3170 743 3221 Cell.
765 3172 826 3221 Ans.
859 3171 920 3221 Com
935 3172 1138 3239 interpunctione
1157 3177 1214 3237 post
1232 3170 1332 3233 alteru,

203 3246 262 3305 poet
275 3256 356 3291 unum
371 3241 449 3290 nulla.
556 3240 616 3291 sot.
636 3245 707 3291 neris
722 3241 732 3290 1
745 3256 771 3290 α.
878 3241 937 3291 861.
955 3245 1071 3292 tinnitor
1085 3239 1143 3290 lion

256 3385 315 3435 861).
346 3381 493 3452 Diespiter]
508 3383 562 3435 Cir.
587 3399 664 3450 snpra
685 3385 745 3449 nis,
791 3385 982 3452 Lupercalium
1001 3401 1054 3435 non
1075 3388 1158 3436 etiarn
1176 3386 1248 3433 ratis
1270 3398 1334 3433 con·

203 3451 748 3519 litorei.xxl‚1o:aoiaoparrt(Sa-
790 3459 873 3505 uenit.
901 3455 1040 3520 Pleriaqrre
1059 3457 1130 3504 enim
1149 3451 1265 3503 inditum
1286 3455 1336 3502 troc

204 3522 300 3587 turno)
323 3523 502 3572 subtrahitur
525 3526 618 3588 issam
643 3524 747 3588 (Iuppi
790 3539 900 3583 nomen,
915 3523 1081 3586 nundinius
1094 3520 1336 3586 inuocationeiupi

203 3593 279 3656 ter),
302 3606 335 3640 ne
358 3596 482 3653 oorrtrrr,
506 3600 535 3641 et
561 3592 745 3657 Car-planiam
790 3609 806 3642 a
832 3593 948 3643 stalerlin
971 3596 1147 3653 arcerentur,
1171 3592 1259 3640 nisum
1281 3595 1333 3638 eet.

203 3660 349 3727 epactalis,
372 3675 405 3708 ne
421 3665 502 3725 pater
519 3662 613 3710 audiat
627 3664 745 3726 vagitus,
790 3660 847 3711 Alii
868 3661 998 3722 tearpslum
1023 3663 1129 3724 iprum,
1159 3662 1188 3709 in
1211 3673 1265 3723 quo
1290 3659 1335 3706 iia·

203 3731 319 3777 tinnitus
331 3728 454 3778 eliditur.
789 3728 854 3779 &ue
867 3730 985 3786 colitur,
999 3728 1137 3795 Lupercal
1146 3732 1254 3789 vocaret,
1269 3742 1335 3791 quo·

256 3796 315 3846 aot.
329 3794 570 3863 Lupercalerlllin.
583 3795 638 3847 usi.
648 3795 745 3859 XXW,
791 3800 866 3849 eirea
885 3797 1036 3863 Virgilius:
1058 3803 1087 3847 et
1101 3796 1208 3862 gelida,
1231 3798 1334 3860 inquit,

201 3863 236 3914 4:
258 3863 334 3915 Nudi
345 3864 484 3931 (Luperci)
498 3866 582 3915 cruda
596 3867 681 3916 irierrae
694 3865 747 3914 dir·
790 3872 915 3917 monstra
935 3867 984 3916 null
1003 3882 1071 3933 rupe
1088 3864 1237 3932 brrperca13
1256 3867 1334 3928 eique

202 3938 336 3991 elimet,
354 3934 439 3998 pellea
458 3933 591 3997 caedunt,
615 3934 699 3985 Schol.
714 3935 746 3983 nal
791 3935 849 3985 loeo
867 3950 884 3985 a
898 3935 974 3999 Lupa
993 3933 1102 3985 Ranruli
1119 3936 1240 3995 nutrice,
1260 3931 1336 3999 quari

203 4000 292 4052 loven.
308 4001 341 4065 ll,
358 4004 419 4053 llic
434 4002 544 4053 steriles
556 4004 683 4052 mulieres
696 4005 747 4068 sn·
789 4019 821 4054 eo
834 4007 861 4053 in
876 4003 933 4053 loeo
947 4002 1089 4054 Romulum
1105 4009 1132 4053 et
1146 4001 1257 4053 llernuna
1268 4016 1335 4069 par-

203 4072 363 4122 irruentibus
384 4072 514 4137 Lupercis
532 4089 561 4120 ae
581 4075 703 4138 offerunt
719 4079 745 4122 et
790 4073 867 4122 orclas
886 4072 999 4122 edrrcare
1019 4078 1129 4139 reperta
1146 4075 1199 4134 eit,
1218 4070 1335 4136 saetam

194 4141 493 4203 smralaaerterantur.
508 4140 556 4189 0v.
567 4138 745 4204 lancinatu,
789 4156 883 4191 nornen
902 4140 1062 4206 Lupercalia
1078 4145 1189 4207 putant.
1222 4138 1335 4190 Necte·

203 4205 235 4268 V,
247 4208 304 4269 lui,
320 4208 354 4258 lb.
368 4208 468 4271 Helos„
482 4207 509 4258 P.
523 4207 622 4271 tutia,
637 4208 672 4272 Χ,
686 4210 745 4272 lot,
788 4216 863 4273 euni,
877 4212 927 4277 qui
938 4226 954 4259 a
966 4210 1070 4276 Lycaeo
1083 4208 1220 4261 Arcadiae
1231 4213 1334 4270 monte,

202 4272 347 4326 Fenestella
362 4276 380 4326 Ι.
393 4279 411 4329 1.
426 4295 441 4344 p
466 4280 497 4328 6:
510 4279 551 4329 De
564 4281 672 4328 nomine
685 4295 746 4330 nero
788 4280 836 4330 uit
855 4282 1001 4345 praecipue
1022 4294 1053 4328 ea
1076 4280 1173 4343 religio
1193 4281 1337 4343 pertigerit
