2842 4808
131 302 205 355 (ΣΑΡ.
223 301 256 352 ΙΙΙ
290 300 333 351 DE
349 299 527 352 conteiens
547 301 678 352 MSS.ET
693 300 1114 355 lllllTlONlllUSPllUllllNTll.
1184 307 1242 348 xtv

106 472 244 534 Gatbcm.
265 470 366 554 hymni
383 470 420 532 V.
447 492 537 534 versu
556 478 594 531 bl
621 470 752 533 carmina
769 480 874 553 poetae
896 471 1009 556 integra
1028 474 1106 536 loliis
1124 473 1241 549 CLVll,

105 565 186 628 etin
201 565 262 627 line
278 585 382 648 poema
399 565 437 627 de
451 571 518 628 uita
535 566 644 627 beatae
656 564 785 627 lllorz‘ne
799 563 835 627 V
834 567 899 648 a'rg.
917 565 1077 631 Trecenseb
1092 570 1240 632 adnexum

106 671 167 724 est.
185 658 306 722 Scholia
322 658 414 722 multa
431 680 489 721 tion
506 660 624 722 desunt.
644 695 681 705 -
703 703 813 719 ......
831 657 940 720 Notavi
958 659 1027 722 1³³⁶

199 761 353 836 „Praeter
369 761 422 822 bos
439 761 545 836 codd,
569 761 617 842 qui
642 760 671 822 in
690 761 924 844 Guelferbytana
940 760 1117 827 bibliotheca
1133 764 1243 827 illustri

107 867 327 933 asservantur,
352 855 455 919 varias
478 856 623 918 lectiones
644 856 679 918 ad
697 855 882 939 Apotheosin
899 867 929 918 et
946 856 1077 921 Hamart.
1097 860 1163 921 cod.
1183 881 1243 922 sec.

108 949 165 1013 lx.
186 949 504 1033 Weissenbnrgensis
528 970 558 1010 n.
579 958 630 1010 77.
648 949 684 1009 V.
709 950 754 1011 Cl.
774 949 1043 1013 schoenemannus
1061 952 1133 1014 mibi
1149 955 1242 1028 misit,

106 1049 158 1126 qui
174 1046 212 1107 dc
226 1045 333 1107 eodem
346 1044 420 1106 baec
433 1063 544 1106 tirenum
563 1063 613 1126 per
630 1044 743 1106 litteras
756 1045 1001 1107 communicavit:
1020 1042 1246 1132 Merlcmitrdig

106 1146 152 1205 iet
166 1164 208 1205 aa
224 1143 329 1205 dieser
343 1141 573 1224 Hundscbmst,
599 1140 673 1202 dass
696 1140 747 1202 die
769 1143 800 1203 in
818 1140 885 1202 dem
906 1141 1007 1204 Temte
1022 1142 1076 1204 bin
1095 1141 1161 1203 und
1174 1145 1245 1203 wie·

108 1240 168 1302 der
188 1239 274 1302 oueb
299 1240 352 1302 tet
373 1240 518 1302 Heinsius
542 1238 786 1322 ansgotus-senen
809 1236 912 1300 Verre
934 1259 990 1300 oon
1014 1240 1101 1298 einer
1123 1235 1244 1297 andern

107 1334 207 1398 Hand
229 1334 448 1419 binzugesb'gt
468 1333 557 1405 send,
591 1333 641 1393 die
663 1353 752 1403 reione,
785 1353 872 1393 reema
893 1333 940 1393 sie
962 1334 994 1393 in
1010 1330 1244 1393 etnernundern

111 1427 227 1491 Codex
240 1427 307 1489 sieb
331 1428 488 1511 diffiido,
505 1426 573 1508 flu·
595 1425 673 1488 noch
690 1439 785 1487 etwas
807 1426 890 1486 diter
906 1426 955 1487 als
974 1426 1024 1488 die
1043 1422 1245 1506 Temtrcbmfl

107 1525 165 1588 der
180 1524 232 1590 W
229 1525 362 1587 eissenb.
375 1532 411 1585 77
419 1571 426 1586 .
444 1523 552 1587 hulten
565 1523 666 1597 sollte,
685 1543 793 1604 ntegen
810 1521 867 1582 der
885 1523 1000 1606 steisen
1013 1520 1106 1603 nge
1122 1541 1189 1583 aas.
1202 1541 1241 1582 m.

108 1652 151 1666 ·-
168 1615 220 1681 W
215 1617 306 1679 iader
321 1619 371 1679 ein
387 1615 524 1692 Bewetb,
550 1617 609 1676 wie
625 1613 674 1696 osl
690 1616 740 1674 ein
756 1611 927 1675 satureiam
942 1614 1019 1676 odet·
1034 1615 1103 1675 eine
1118 1610 1245 1675 Sebrei·

108 1711 273 1774 berrebme
294 1711 402 1773 binter
423 1711 481 1773 der
504 1709 624 1772 erudera
648 1705 870 1783 zuructtttet,
892 1730 926 1770 so
950 1708 1023 1770 dass
1038 1728 1109 1769 enan
1125 1709 1176 1769 nie
1192 1707 1245 1769 ab·

107 1807 192 1867 solut
216 1805 274 1867 dor
297 1805 392 1868 Alter
414 1806 494 1868 tiocli
517 1806 575 1868 den
598 1801 837 1886 geniibnlz'cbeu
860 1799 980 1885 Regeln
1003 1802 1115 1884 otts20
1139 1801 1186 1865 tia·
1203 1810 1242 1865 30

107 1896 210 1961 dabre
231 1898 407 1961 beetrmmen
431 1897 519 1980 dors,
543 1895 679 1958 sundere
703 1893 784 1958 nach
804 1893 862 1956 Ort
885 1894 951 1956 iered
967 1893 1157 1958 Urnstb'nden
1174 1915 1244 1958 cor·

107 1989 230 2076 siclttig
245 1992 484 2055 untersebeideu
501 2012 584 2053 murs
588 2034 768 2052 .......
787 1989 909 2068 Signavi
930 1987 979 2053 W
976 1991 1081 2050 eiss.“

199 2087 303 2162 „coa
325 2085 489 2149 Gotbanus
512 2085 676 2148 membran.
702 2105 761 2147 sec.
781 2083 886 2158 Xlll.,
914 2083 958 2145 uti
974 2104 1013 2145 ex
1031 2083 1171 2146 chronico
1188 2083 1244 2167 ipsi

108 2181 250 2263 scriptori
274 2181 439 2263 praemisso
455 2194 596 2264 apparet,
621 2183 681 2245 lolii
706 2185 801 2244 lorma
823 2182 915 2244 nitide
937 2193 1081 2244 exaratos
1098 2193 1127 2242 et
1143 2180 1245 2243 multis

109 2272 290 2336 Sanctorum
314 2273 491 2356 imaginibus
522 2286 647 2339 ornatus
674 2276 836 2359 St'geberti
858 2275 1090 2338 Genmtuaensn
1112 2277 1147 2337 de
1169 2274 1245 2337 viris

107 2369 277 2434 illustribus
294 2368 384 2431 libelli
403 2380 502 2451 partes
519 2372 662 2452 quasdam
679 2371 831 2447 continet,
856 2370 961 2452 quibus
983 2370 1065 2432 inter
1079 2371 1163 2432 varia
1180 2390 1245 2432 car-

108 2466 191 2528 mina
208 2464 298 2529 ctiam
315 2465 372 2526 duo
389 2465 580 2528 Prudentiori
599 2466 713 2550 hymni,
732 2467 936 2548 peristephan.
955 2465 1004 2527 lV.
1023 2476 1053 2529 et
1068 2467 1120 2543 V.,
1139 2466 1245 2528 inserti

109 2572 193 2624 snut.
214 2559 321 2623 Varias
333 2561 476 2624 lectiones
493 2562 627 2626 dedimus
644 2583 748 2626 omnes
764 2573 795 2624 et
807 2563 873 2624 cod.
890 2562 975 2625 litera
992 2562 1020 2625 G
1036 2565 1242 2627 notavimus.“

200 2661 409 2739 „lireussleri
420 2665 486 2726 cod.
506 2664 638 2727 chartac.
656 2668 716 2743 (l),
735 2664 782 2746 qui
799 2664 882 2725 varia
899 2664 1042 2739 continet,
1060 2665 1126 2727 sive
1142 2665 1172 2727 in
1188 2665 1245 2727 linc

109 2779 175 2821 seo.
192 2757 263 2819 XV.
282 2756 348 2821 sive
368 2758 398 2820 in
422 2759 487 2821 init.
504 2759 585 2822 XVl.
605 2761 734 2842 scriptus
754 2780 821 2823 esse
838 2759 971 2835 videtur,
995 2759 1062 2839 quia
1080 2761 1150 2822 edit.
1186 2758 1245 2821 flo-

109 2852 179 2914 ratii
203 2850 368 2914 Satirarum
392 2852 556 2936 Lipsiensi
581 2876 628 2937 ap.
662 2854 736 2918 Nic.
771 2855 967 2937 Laratperter.
998 2865 1029 2914 et
1059 2855 1243 2918 Bultbasm’.

110 2946 238 3010 Murer.
264 2947 382 3011 adfixus
403 2958 461 3011 est.
494 2948 575 3012 luest
598 2949 691 3012 altera
714 2960 826 3013 tantum
850 2948 987 3034 lliptychi
1009 2971 1078 3032 pars
1102 2972 1167 3014 oum
1190 2950 1245 3015 bae

109 3041 329 3123 inscriptione:
362 3044 487 3128 Aurely
510 3045 671 3128 Prudenty
695 3045 775 3108 liber
800 3044 999 3130 Hystericam}
1026 3051 1125 3110 nouui
1151 3058 1245 3111 testa·

109 3142 209 3202 menti
214 3166 226 3216 ;
251 3139 282 3201 in
307 3149 444 3201 extremo
462 3139 620 3220 leguntur:
645 3137 734 3200 diuis
750 3142 909 3202 testemeti
922 3143 998 3202 nont
1011 3141 1143 3223 Autele'j
1155 3141 1243 3225 (sic).

110 3233 249 3297 lndiaavi
266 3235 344 3297 bunc
361 3234 466 3297 librum
485 3245 574 3296 mlum
591 3235 660 3297 ΕΛ*

198 3327 389 3391 Nouissimas
406 3328 454 3391 bic
471 3329 568 3390 editor
591 3328 707 3389 laudem
725 3328 852 3404 meruit,
878 3350 963 3410 quam
982 3329 1037 3390 viri
1055 3329 1132 3392 docti
1150 3331 1176 3393 ei
1194 3331 1246 3393 tri-

111 3421 255 3484 buerunt.
280 3420 342 3484 Nos
364 3442 437 3484 sane
453 3421 484 3483 in
506 3422 571 3484 eius
593 3421 640 3483 ed.
665 3420 936 3502 acquievissemus‚
961 3422 986 3483 si
1010 3423 1047 3485 ab
1071 3423 1246 3486 innumeros

113 3513 211 3576 eritiei
234 3513 440 3574 commentarii
462 3533 601 3587 errores,
635 3533 708 3594 quos
732 3513 768 3574 ab
792 3512 922 3574 Arevalo
944 3515 1077 3595 aceepit,
1107 3525 1246 3597 acceptas

113 3605 308 3691 propagarit,
335 3605 363 3668 id
384 3607 496 3689 absque
521 3606 643 3668 lontium
661 3615 765 3688 poetae
783 3605 954 3667 criticorum
970 3605 1122 3689 ipsiusque
1139 3607 1246 3671 carmi·

111 3727 183 3768 unm
200 3703 308 3766 nitoris
325 3701 508 3787 praeiudicio
525 3702 588 3764 lieri
602 3702 758 3783 potuisset.
777 3702 876 3763 Taceo
893 3701 1019 3782 reliqua,
1038 3723 1112 3784 quac
1129 3706 1164 3765 ab
1180 3704 1247 3769 aliis

110 3801 241 3883 intelligi
264 3798 439 3876 maluerim,
458 3820 543 3881 qoam
561 3821 578 3862 a
595 3818 640 3859 mc
657 3797 726 3860 dici.
752 3796 853 3877 Neque
874 3797 1004 3879 adprobo
1020 3798 1148 3861 tabulam
1166 3802 1246 3863 eodi-

110 3917 180 3958 oam
202 3914 261 3955 non
284 3892 532 3976 interpolatorum
549 3903 578 3954 et
601 3890 848 3974 interpolatorum
866 3886 1160 3973 comparativam³⁸),
1179 3916 1245 3956 cuni

109 3990 142 4052 in
166 3987 323 4065 omnibus,
351 3985 532 4069 quodsum,
559 4006 631 4050 mss.
661 3985 750 4047 Prud.
775 3983 1015 4066 interpolationis
1036 3986 1160 4068 vestigia
1186 4007 1245 4048 non

108 4081 297 4145 subobscura
314 4090 447 4164 pateant,
466 4100 591 4164 cumque
607 4078 808 4160 comparantis
824 4078 909 4140 codd.
928 4078 1126 4141 Romanorum
1140 4078 1246 4141 notitia

181 4299 228 4361 36)
248 4296 368 4363 Prolessg.
382 4314 407 4365 p.
422 4295 528 4348 xbvtt.
