2842 4808
233 189 324 232 xxxta
659 181 924 236 tantustantus.

234 359 313 418 tutes
326 356 555 421 scholasticae:
572 357 741 428 collectus,
765 354 964 429 caccabatus,
984 352 1149 440 digestus,
1166 362 1200 417 et
1212 372 1364 417 conmm-

235 453 319 512 tario
336 471 458 535 quoquo
481 454 662 535 expositam,
696 449 864 532 diligentia
887 458 918 509 et
941 448 1045 510 studio
1067 448 1200 531 Georgii
1221 444 1367 511 Fabricii

239 543 480 608 Cbentaicensis.
499 544 532 607 ln
548 544 622 607 fine:
641 543 789 607 Bouileae
805 564 847 604 aa
865 542 997 625 officina
1012 544 1144 606 Ioannis
1161 539 1296 626 ilperini
1307 561 1361 605 as.

233 642 296 703 sol.
314 640 395 702 bum.
413 642 455 703 M.
474 642 511 703 D.
529 640 652 718 thttl,
672 648 703 702 t.
736 639 769 700 lu
785 639 879 721 primo
896 638 960 701 loco
977 638 1157 703 Prudentius
1172 648 1236 714 est,
1253 638 1364 721 de‘quo

233 734 418 798 emendando
427 736 583 799 Fabricius
600 736 708 819 passim
726 734 844 797 inseruit.
858 733 1019 797 -Eodem
1037 755 1100 797 ana
1119 731 1365 797 Aureliusl'rat·

234 834 359 896 deritius
378 831 521 898 Clemens
538 832 697 897 Theodori
708 832 879 896 Pulmanni
894 830 1138 914 Groneaburgii
1144 875 1153 905 ,
1170 840 1204 893 el
1218 828 1256 893 V
1252 830 1366 893 scleris

237 927 372 992 Giselim
386 952 502 1014 opera,
526 953 570 994 em
581 931 652 1015 stole
668 931 773 993 decem
789 929 939 991 librorum
965 931 1247 1012 inanimemptoruns
1263 948 1366 991 emea-

232 1024 339 1101 tiotus‚
357 1036 389 1089 et
404 1029 436 1090 ia
462 1049 542 1103 eum,
560 1027 694 1089 eiusdem
707 1025 852 1087 Victoris
864 1022 999 1085 Giselini
1011 1023 1262 1086 cornnrenlnrius.
1279 1021 1367 1087 Ane-

232 1123 361 1203 uerpiae
376 1142 421 1181 eor
441 1120 571 1203 officina
590 1117 816 1200 Cbristopbori
830 1116 974 1178 Plaotbti
1002 1114 1306 1193 0111111117,
1329 1120 1362 1193 8,

234 1233 281 1295 pp.
301 1220 382 1289 350,
407 1224 567 1277 comment.
593 1211 728 1276 numeris
744 1223 838 1272 caret.
864 1209 1022 1292 Displicuit
1042 1209 1170 1274 Giseliui
1187 1208 1365 1275 laconismus

233 1302 417 1387 Bartbi0²¹).
436 1307 562 1371 Giselini
576 1304 822 1367 commentarium
835 1301 955 1366 brevem
973 1304 1103 1385 quidem,
1121 1303 1175 1367 sed
1189 1324 1243 1388 pro
1258 1300 1363 1367 metui

231 1411 320 1485 captu
344 1402 421 1466 baud
445 1406 594 1466 indoctum
617 1402 771 1485 excipiunt
794 1400 975 1483 Sprrnaocbi
996 1413 1028 1464 et
1048 1402 1215 1464 Ambrosii
1236 1399 1361 1465 dereli-

228 1501 328 1583 gioae
342 1502 493 1584 epistolae
509 1500 712 1563 adversariae
722 1497 815 1560 Petri
823 1495 1162 1560 NanaiiAlcmariani
1176 1508 1208 1560 et
1220 1494 1360 1559 Victoris

235 1590 374 1655 Giselini
390 1595 518 1656 scholiis
540 1594 740 1667 illustratae,
766 1588 802 1651 L.
825 1589 957 1651 Aurelii
970 1589 1109 1652 Am'anii
1122 1585 1301 1675 Symmachi
1312 1583 1353 1649 V·

237 1685 274 1750 C.
287 1687 452 1770 praefecti
465 1689 538 1750 arbi
551 1687 594 1750 ael
609 1686 646 1751 V
644 1687 740 1748 alant.
754 1733 762 1762 ,
793 1682 912 1746 Tbeoll.
938 1695 969 1747 et
984 1686 1109 1748 Aread.
1128 1684 1221 1769 Aug.
1239 1683 1357 1751 Relatio

233 1800 300 1843 cum
319 1779 354 1842 P.
371 1780 498 1844 Nannii
511 1791 543 1844 et
560 1780 598 1845 V
597 1826 604 1841 .
628 1778 764 1842 Giselini
777 1777 921 1851 scholiis,
939 1776 1128 1841 Ambrosius
1143 1783 1307 1863 episcopata
1322 1774 1358 1839 ii.

229 1877 374 1960 principi
386 1886 417 1939 et
432 1877 669 1939 alsatientissimo
687 1876 872 1959 imperatori
885 1873 921 1936 V
921 1873 1114 1938 alenbbiaao
1129 1876 1282 1962 Augusto
1296 1894 1362 1937 eum

233 1969 270 2032 Ρ.
290 1969 414 2034 Noanii
426 1982 456 2033 et
473 1974 518 2034 V.
539 1973 674 2037 Giseliai
686 1975 718 2033 in
743 1970 871 2033 ceredam
892 1968 1008 2031 boacca
1022 1971 1189 2034 Ambrosii
1202 1969 1363 2056 epistolum

233 2063 375 2127 scboliis.
400 2066 555 2129 Accedunt
567 2064 747 2129 testeArev.
759 2063 876 2125 Erasmi
892 2065 1095 2128 commentarii
1113 2065 1144 2129 in
1154 2065 1240 2129 Catb.
1259 2064 1362 2151 hymn.

232 2155 277 2219 Xl
293 2167 324 2219 et
338 2157 409 2235 Xll,
428 2181 502 2241 quos
518 2159 634 2242 quidem
647 2157 722 2220 Obb.
741 2156 904 2219 desiderari
920 2156 1023 2219 scribit
1038 2158 1170 2241 prolegg.
1189 2154 1362 2241 pxxxv,

232 2260 297 2313 not.
317 2258 368 2313 35.
398 2252 431 2313 lu
456 2263 580 2335 unoque
596 2251 734 2334 exemplo
757 2271 823 2313 meo
845 2270 913 2332 pars
935 2252 1215 2314 commentariorum
1237 2249 1362 2325 excisus

233 2364 298 2408 earn
312 2345 429 2409 Erasini
443 2357 543 2424 noma,
562 2368 637 2429 quae
650 2348 761 2409 Romae
778 2345 1006 2428 displicuerunt,
1024 2345 1197 2410 exhibuisse
1213 2344 1362 2430 suspicor.

233 2437 365 2524 Egregie
381 2438 532 2505 Giselinus
549 2441 584 2504 de
601 2439 762 2504 Prudentia
778 2439 901 2502 meritus
918 2449 977 2501 est.
1009 2438 1121 2516 Codri,
1139 2462 1213 2521 quos
1229 2442 1260 2504 in
1277 2463 1364 2505 usum

232 2555 318 2599 suum
336 2533 397 2599 Gis.
416 2547 446 2599 et
460 2537 643 2600 Pulmannus
659 2547 895 2613 contrariarum,
913 2545 1034 2617 praeter
1049 2538 1122 2599 duos
1139 2535 1365 2600 Gaudavienses

232 2639 263 2691 ct
278 2650 368 2693 unum
383 2630 485 2693 Lucae
501 2632 636 2695 Merulae
652 2642 720 2694 sunt
736 2641 877 2712 quattuor
892 2630 1112 2709 Pulmanniani,
1130 2656 1207 2698 unus
1224 2634 1363 2712 Giselini‚

232 2748 309 2789 uuus
324 2726 502 2808 Autwerp.‚
526 2749 603 2791 uuus
626 2727 822 2788 bibliothecae
840 2725 1047 2804 buslidiauae,
1063 2729 1154 2792 iidem
1170 2751 1229 2792 uon
1245 2749 1366 2814 semper

233 2826 485 2906 praestantiores:
504 2821 610 2904 quibus
627 2821 742 2882 accedit
758 2818 805 2880 ed.
825 2818 1049 2884 llaveutriensis
1064 2844 1093 2886 a.
1116 2830 1208 2886 1492.
1240 2822 1273 2886 lu
1290 2822 1366 2887 Ger-

233 2917 330 2978 mania
355 2926 386 2977 ct
412 2917 504 2999 prima
527 2925 558 2978 et
578 2915 674 2976 altera
691 2912 816 2976 Giseliui
834 2910 926 2973 editio
948 2933 1018 2976 rara
1042 2935 1110 2979 esse
1126 2917 1264 2979 videtur:
1290 2937 1365 2980 neu-

232 3020 309 3073 tram
326 3009 473 3073 (lbbarius
489 3009 623 3072 nancisci
639 3009 744 3093 potuit.
769 3008 867 3088 Quare
880 3007 1039 3071 Arevalum
1052 3022 1173 3074 secutus
1188 3009 1364 3095 saepissime

233 3124 273 3168 ex
301 3115 425 3187 utraque
449 3104 645 3188 corrigendus
667 3113 743 3165 crat.
775 3103 911 3183 Nollem,
937 3105 1026 3169 toties
1047 3108 1148 3171 varias
1172 3108 1285 3191 primae
1312 3109 1361 3171 ed.

232 3199 376 3263 lectiones
392 3221 457 3263 cum
479 3202 625 3263 secundae
642 3197 787 3262 Obbarius
811 3199 1013 3278 confudisset,
1037 3202 1155 3283 quoties
1176 3202 1205 3263 it
1229 3201 1265 3263 ab
1287 3200 1364 3264 Are·

232 3294 300 3358 valo
317 3299 425 3358 lactum
443 3307 499 3357 est.

201 3452 207 3464 .
319 3395 486 3459 Prudentii
505 3414 602 3477 opero
632 3413 652 3454 o
678 3389 811 3454 Victore
835 3392 975 3457 Giseleno
1004 3402 1148 3455 correcta
1179 3402 1209 3455 et
1230 3401 1363 3455 annota-

233 3490 369 3553 tionibus
392 3491 567 3553 illustrato.
608 3487 750 3563 Parisiis,
774 3486 902 3550 Marnci.
930 3492 1107 3562 1566,16,
1133 3506 1180 3569 pp.
1204 3494 1273 3548 140.
1307 3485 1364 3548 Est

302 3651 348 3715 m)
366 3652 431 3702 Aba.
447 3651 494 3714 ΙΧ,
508 3653 560 3701 202
583 3654 678 3715 „bomo
698 3660 785 3702 tantae
799 3652 1013 3716 praesumtionis,
1027 3657 1056 3699 ut
1068 3651 1274 3699 commentarium
1288 3656 1362 3699 notas

233 3735 294 3770 suas
313 3721 454 3770 inscribere
473 3721 617 3770 voluerit.¹‘
649 3721 712 3770 tuit.
728 3718 802 3780 xxi,
816 3723 847 3769 l:
872 3723 917 3781 „A
930 3736 990 3769 vero
1010 3721 1035 3769 in
1055 3726 1173 3785 utroque
1192 3736 1239 3768 uon
1253 3718 1363 3768 debebat

232 3796 330 3839 1111111111
344 3789 441 3852 negocij
458 3788 519 3836 dure
534 3787 666 3851 Giselino,
680 3790 735 3837 viro
747 3789 843 3854 probo,
858 3796 884 3838 et
897 3789 1013 3849 erudito,
1028 3790 1059 3837 tle
1074 3803 1179 3852 quorum
1193 3787 1274 3837 altero
1290 3787 1362 3837 nobis

233 3872 265 3907 ex
280 3856 404 3906 relatione
419 3856 548 3905 deletorum
564 3857 646 3905 altero
659 3858 759 3922 publice
774 3857 888 3905 omnibus
901 3865 1019 3919 constat,
1041 3858 1114 3906 modo
1134 3873 1181 3906 non
1196 3858 1289 3907 nimius
1303 3871 1361 3905 suo·

235 3941 289 3976 rum
315 3940 447 3990 operarum
472 3925 623 3973 aestimator
647 3924 756 3987 luisset,
782 3931 809 3973 ut
832 3940 888 3973 cum
913 3926 1120 3974 commentarium
1146 3927 1171 3974 iu
1193 3925 1360 3976 Prudentiutn

235 3996 370 4061 scripsisse
390 3994 443 4055 uit,
465 4007 560 4058 pancas
579 3994 638 4042 illas
657 3994 763 4057 paginas
787 3994 849 4042 tanti
870 3993 976 4043 iaciens.
1007 3993 1209 4045 Comnicnturins
1230 3995 1359 4044 antemio

235 4062 399 4113 Prurlcutium
421 4077 525 4113 neccsse
538 4062 572 4110 sit
585 4062 719 4110 multorum
730 4077 850 4111 annorum
864 4077 937 4127 opus,
952 4062 976 4111 in
988 4063 1122 4126 quostiam
1138 4064 1360 4128 ingeniosissimus

234 4139 261 4181 et
274 4133 475 4193 eruditissimus,
499 4137 525 4180 et
538 4130 758 4180 laboriosissimus
772 4131 828 4196 quis
848 4145 945 4180 omnem
959 4128 1109 4180 industriam
1128 4133 1208 4198 possit
1220 4134 1359 4194 insumere,

232 4201 327 4265 optimo
343 4200 544 4251 mortalitatis.“
