2842 4808
507 775 886 849 EPILOGUS.

345 994 477 1059 Inmolat
493 993 558 1057 Deo
573 995 653 1071 patri

428 1091 511 1167 pios,
530 1088 642 1162 tiociis,
660 1089 822 1165 innocens,
840 1087 972 1164 pudicus

344 1188 424 1247 iona
440 1184 661 1259 conscientiae,

432 1281 547 1356 quihus
564 1279 654 1340 toenia
669 1293 757 1340 mens
772 1279 910 1340 abundat
924 1279 1027 1340 intus:

345 1376 425 1437 aiter
441 1379 472 1436 et
487 1375 649 1452 pecuniam

431 1469 552 1545 recidit,
571 1468 652 1530 uncie
667 1468 812 1529 victitent
830 1467 932 1544 egeni.

347 1562 415 1626 Nos
431 1565 512 1625 citos
527 1564 675 1625 iambicos

433 1670 594 1719 sacramus
612 1659 643 1717 et
658 1656 801 1718 rotatiies
817 1655 994 1735 trochaeos,

349 1752 527 1814 sanctitutis
546 1752 643 1829 indigi

435 1849 1068 1927 mmmmmmmwmm

350 1940 722 2021 mmmmmmm

436 2034 1047 2112 mmmfflmmmmmmm

352 2127 683 2191 mmmmmm

438 2223 500 2284 sita
515 2227 564 2283 cst
579 2237 634 2298 per
649 2237 757 2285 omncs
772 2222 905 2299 angulos
921 2181 1074 2300 supellex.

215 2375 347 2441 Epilogus
359 2373 388 2424 id
400 2379 441 2424 eat
455 2373 578 2424 clausula
591 2372 707 2436 vulfinis
720 2374 784 2423 libri
795 2390 812 2421 u
825 2373 894 2440 (post
907 2389 936 2423 eu
950 2388 1016 2423 mon.
1033 2388 1085 2422 ree.
1114 2370 1169 2423 ode
1182 2375 1208 2421 iu
1223 2387 1280 2436 qua

142 2448 224 2509 poeto
237 2443 269 2494 de
281 2461 310 2494 se
323 2444 457 2509 loquitur,
471 2445 513 2508 qui
527 2443 620 2493 titulos
635 2449 675 2492 eoi
687 2443 746 2493 Ali.
763 2442 869 2506 lengi),
884 2444 925 2492 De
937 2443 1074 2507 opusculis
1085 2444 1141 2492 suis
1155 2440 1281 2491 Pruden-

146 2517 203 2565 tius
223 2513 268 2563 tA
288 2512 341 2580 (sp.
363 2512 441 2578 uit.)
459 2511 497 2575 Τ,
529 2513 630 2578 Incipit
645 2513 677 2561 de
703 2513 839 2578 opusculis
862 2515 920 2560 suis
939 2511 1105 2562 Prudentius
1125 2513 1146 2560 A
1169 2515 1278 2559 uouere

147 2582 242 2648 impio,
262 2583 390 2632 immolat
401 2581 531 2648 opusculo
545 2597 594 2631 suo
608 2582 673 2631 cieo:
687 2580 850 2631 Prudentius
863 2578 943 2631 Laoc.
957 2597 989 2643 u,
1003 2581 1101 2644 Incipit
1114 2579 1146 2629 de
1160 2593 1278 2642 opuseu-

147 2651 180 2702 lls
190 2655 270 2717 petri
281 2651 330 2702 deo
351 2651 475 2700 immolat
491 2665 542 2714 per
556 2650 695 2700 trocheum
709 2654 738 2699 et
756 2654 910 2699 trimetrum
932 2649 1167 2716 endecasyllabum
1181 2647 1196 2697 it
1204 2681 1214 2708 ,
1236 2645 1279 2696 lu·

147 2724 215 2785 cipit
227 2719 260 2770 de
273 2720 411 2786 opusculis
424 2723 482 2768 suis
494 2719 620 2769 immolat
631 2718 711 2768 Patri
721 2718 771 2768 Di.
786 2719 808 2777 i,
826 2718 970 2782 incipitis
987 2718 1122 2785 opusculis
1134 2720 1193 2767 suis
1208 2714 1228 2766 ii
1243 2731 1279 2777 ιιι,

147 2789 293 2839 Prudentii
306 2788 487 2852 acceperam
500 2788 668 2853 reliquorum
690 2789 826 2837 conclusio
841 2803 855 2852 q
868 2803 936 2837 man.
952 2803 1022 2846 rec,
1037 2788 1072 2837 nii
1086 2794 1155 2836 notui
1171 2783 1281 2836 Marici-

147 2864 188 2907 tua
201 2857 232 2907 dc
246 2858 320 2920 Prag.
329 2893 337 2918 ,
353 2855 410 2908 lint.
437 2854 531 2905 Locum
546 2859 592 2904 noe
605 2870 707 2906 carmen
721 2862 828 2920 occupat
839 2857 939 2906 varium
954 2856 978 2905 in
993 2858 1072 2906 variis
1085 2856 1229 2905 codicibus.
1251 2853 1280 2903 lo

148 2925 198 2975 fine
210 2932 300 2990 poetae
314 2939 416 2990 operum
431 2925 455 2972 id
470 2931 566 2988 ponunt
577 2922 631 2972 AO
645 2940 679 2987 o,
694 2924 873 2975 Dittochueum
887 2927 956 2976 inier
968 2932 994 2974 et
1007 2925 1087 2974 libros
1100 2931 1192 2974 contra
1205 2923 1282 2990 Sym·

149 2994 265 3044 mactum
279 2991 315 3054 ii,
331 2994 399 3041 iuter
412 2992 457 3041 iii.
472 2990 673 3058 Peristephooou
687 2991 1023 3044 contionemcontioneni
1037 2995 1044 3044 i
1057 3009 1080 3044 m
1095 3009 1109 3058 u
1123 3010 1139 3043 u
1151 2993 1189 3058 (iu
1204 2992 1220 3042 b
1237 2993 1282 3042 lm

149 3077 164 3128 q
178 3062 269 3112 librum
281 3060 375 3111 Per-iat.
398 3060 521 3111 claudunt
540 3060 735 3111 Cathemerinon
758 3060 848 3129 Hymni
861 3060 908 3124 xi,
922 3061 981 3112 xii.
1003 3062 1066 3114 Cod.
1087 3059 1169 3113 Nhos
1185 3076 1283 3112 sersus

149 3129 333 3197 praelationem
352 3129 413 3180 lucit
431 3130 490 3180 libri
504 3127 647 3180 Ditiochaci
666 3138 693 3180 et
705 3129 741 3180 ito
764 3129 897 3180 sintenes
919 3130 996 3181 Cher.
1018 3131 1099 3182 Poett.
1114 3133 1233 3193 Ausim,
1255 3130 1281 3179 iu

150 3216 200 3266 qua
213 3200 254 3251 ed.
268 3200 304 3250 uti
320 3201 344 3249 in
359 3199 724 3251 SichurdiuuisDittochoeum
743 3215 832 3265 agmen
852 3216 955 3266 operum
978 3208 1068 3266 poetae
1082 3200 1188 3249 claudit.
1204 3198 1281 3249 ioan.

149 3269 306 3320 Triticmius
320 3269 363 3332 (dc
377 3269 465 3334 script.
481 3271 542 3319 ecci.
560 3268 580 3332 i,
594 3286 618 3334 p.
633 3269 696 3334 til)
716 3278 742 3320 et
755 3269 889 3320 (licelinus
908 3270 1004 3320 vetusti
1024 3270 1120 3319 codicia
1135 3277 1161 3318 et
1175 3267 1283 3318 Dareo·

149 3340 254 3389 iriensis
274 3340 409 3400 editionis,
431 3345 460 3387 ut
479 3337 531 3399 ait,
552 3338 627 3388 iidem
646 3347 749 3389 secutus
768 3337 954 3404 praelationem
975 3338 1033 3388 libri
1047 3337 1140 3389 Perist.
1159 3353 1206 3387 coa
1219 3353 1282 3387 csse

151 3416 265 3470 censent,
280 3423 343 3475 quoa
357 3406 547 3473 practerArev.
563 3415 588 3457 et
599 3406 663 3458 oio.
679 3408 836 3458 recentiores
850 3409 930 3457 secuti
944 3416 1012 3457 suni.
1032 3411 1080 3458 Ast
1092 3408 1172 3472 ipsius
1186 3408 1282 3456 carmi·

151 3479 191 3527 uis
207 3477 305 3527 indoles
319 3477 372 3526 iiiis
386 3493 434 3526 oon
450 3475 534 3539 iavet,
554 3483 641 3543 utpote
663 3492 727 3542 quae
746 3481 854 3527 omniurn
874 3492 978 3542 operum
992 3477 1118 3543 epilogum
1134 3476 1175 3526 vel
1188 3477 1283 3526 termi-

153 3561 210 3595 num
225 3546 280 3594 heic
293 3545 411 3595 suffixum
424 3545 491 3595 haud
506 3545 613 3596 obscure
633 3546 801 3595 demonstret.
943 3547 966 3594 1.
987 3561 1035 3595 om.
1050 3546 1072 3595 A
1086 3545 1103 3594 B
1117 3544 1151 3596 W
1164 3561 1182 3592 α
1196 3561 1220 3594 m
1235 3562 1249 3611 q
1265 3561 1281 3595 u

152 3614 210 3663 Aid.
234 3614 314 3677 Lugd.
335 3614 404 3663 Sich.
414 3623 467 3663 ires
488 3613 564 3664 Clior.
588 3614 689 3677 poelt,
716 3615 792 3665 titulo
812 3615 920 3664 innexus
934 3621 1006 3665 extat
1019 3616 1043 3664 iu
1064 3613 1114 3678 δὶς
1130 3619 1212 3681 putri
1223 3617 1282 3665 Deo

153 3681 228 3732 Gaii.
345 3684 369 3731 i.
392 3683 499 3733 Citutos
512 3682 547 3745 fl,
566 3681 663 3733 Nescit
675 3699 704 3734 os
717 3683 757 3746 A;
776 3685 878 3732 iambos
891 3684 948 3733 All.
964 3684 1046 3747 Lugii.
1163 3684 1206 3733 11.
1227 3685 1284 3735 Ad-

149 3753 248 3818 protei
261 3750 285 3801 i.
393 3751 434 3801 ii.
453 3751 571 3817 supplex
588 3752 619 3801 A.

206 3873 247 3924 12.
265 3872 391 3938 pedestre
414 3869 532 3935 carmen]
557 3870 628 3935 Quod
655 3878 694 3920 est
738 3886 789 3937 que
798 3871 929 3937 pedestri,
945 3874 1039 3923 Anson.
1055 3872 1102 3938 Ep.
1120 3874 1160 3936 16,
1175 3873 1209 3922 18
1230 3875 1284 3924 Ae-

155 3943 260 4008 apiritus
285 3941 407 3991 submissi
432 3942 487 3991 aine
510 3939 563 3989 eiiii
588 3948 615 3990 et
635 3956 694 3989 oon·
736 3942 841 4002 sepium
868 3945 1050 4005 trimetriam,
1087 3943 1172 4006 Quium
1197 3947 1286 3994 uertit

90 4058 93 4064 ,
155 4019 244 4076 ceptus
263 4009 419 4060 sublimitate
456 4007 691 4059 tintinnum
737 4008 810 4057 emili
843 4010 924 4072 stilo,
960 4012 1086 4063 Pedestre
1116 4014 1284 4063 concionans

156 4080 189 4128 95
219 4080 400 4143 astragum
428 4079 588 4144 plerumque
621 4077 693 4126 dolet
737 4093 813 4142 opus.

156 4161 276 4196 sermone
297 4148 432 4213 pedestri,
458 4147 489 4197 ii.
515 4146 570 4195 Sat.
593 4147 619 4206 6,
644 4147 690 4195 ii:

159 4213 229 4277 Quid
239 4220 315 4279 prius
329 4216 465 4266 illustram
477 4218 584 4277 satiris,
600 4213 692 4264 Muso-
790 4216 828 4264 ii.
849 4217 983 4284 supellec]
998 4217 1053 4269 Cir.
1068 4217 1099 4269 ll.
1115 4216 1183 4268 Tim.
1199 4219 1226 4282 2,
1236 4221 1281 4271 20.
