2842 4778
170 289 229 352 134
530 287 607 340 duit.
623 287 804 340 ruttnudru
819 288 921 340 ctum.

252 475 517 550 praetendenda
534 476 611 550 dies,
630 475 712 535 texit
727 474 773 536 sol
790 476 901 536 unicus
917 490 1053 537 annum:

254 569 368 644 triplex
386 569 558 631 dictamen
576 570 662 632 nuilo
679 571 857 633 discrimine
873 573 956 633 trina

254 666 409 727 subnixus
425 668 547 728 ratione
563 668 660 742 riget,
679 668 830 745 splendet,
849 668 945 744 volat,
964 669 1063 745 ardet,

257 763 341 820 motu
358 761 474 835 agitur,
494 761 617 821 iervore
632 765 761 836 cremat,
781 765 845 823 tum
863 762 980 823 iumine
996 762 1107 839 iulget.

166 865 198 914 ro
251 849 334 915 Sunt
349 855 408 915 tria
426 869 534 928 nempe
550 855 656 930 simui,
675 854 730 916 iux
746 858 778 916 et
792 854 879 916 cador
893 860 924 916 et
940 860 1135 932 vegetamen,

252 963 314 1010 una
329 948 496 1023 eademque
513 954 616 1010 tamen
632 952 701 1010 rota
718 950 830 1011 sideris
846 951 1024 1013 indiscretis

251 1043 395 1119 iungitur
409 1043 469 1116 iris,
489 1058 550 1104 uno
566 1047 672 1104 servat
687 1046 735 1104 tot
750 1057 879 1104 munera
897 1045 1005 1121 ductu,

249 1141 281 1196 et
296 1137 397 1198 tritus
413 1151 475 1198 una
491 1139 601 1199 subest
615 1137 737 1198 mixtim
753 1138 928 1199 substantia
945 1140 1049 1201 retus.

249 1229 321 1293 Non
339 1232 481 1292 conicere
499 1230 563 1293 Deo
579 1232 665 1292 velut
680 1231 913 1306 aequiparande
929 1234 1097 1309 quidquam

249 1326 350 1385 ausim
369 1341 424 1386 nec
443 1323 573 1387 iiomino
590 1324 741 1385 samnium
757 1339 931 1400 conponere
947 1326 1091 1401 signum=

253 1435 292 1480 ex
309 1421 445 1481 minimis
462 1420 514 1479 sed
531 1420 650 1494 grande
666 1432 758 1479 suum
774 1419 875 1479 voluit
891 1417 985 1480 Pater
1000 1420 1067 1496 ipse

253 1517 429 1577 coniectare
445 1515 597 1589 immines,
615 1515 729 1588 quitus
745 1515 843 1575 ardua
859 1516 962 1575 visere
978 1531 1039 1578 non
1055 1520 1115 1577 est.

255 1608 429 1671 Parvorum
446 1610 573 1685 speculo
589 1625 650 1671 non
668 1610 826 1671 intellecta
843 1616 998 1685 notamus,

249 1708 281 1765 ct
294 1705 388 1765 datur
402 1703 557 1764 occaritum
575 1717 630 1779 per
644 1703 786 1778 proxima
804 1717 955 1778 quaerere
970 1718 1091 1765 verum.

249 1793 351 1857 Nemo
367 1795 445 1856 duos
461 1794 557 1870 soles,
575 1795 636 1856 nist
652 1796 710 1856 suo
726 1794 934 1871 glaucomate,
952 1795 1051 1873 vidit,

249 1893 305 1951 aut
320 1891 347 1951 si
366 1890 453 1951 tusca
469 1889 573 1965 polum
591 1890 722 1950 suiiudit
737 1889 818 1965 palia
835 1904 994 1965 serenum,

249 1985 410 2061 oppositus
427 1974 571 2059 quotiens
588 1985 745 2045 radiorum
763 1984 881 2059 spicula
899 1985 1022 2045 nimbus

249 2077 323 2153 igne
339 2091 525 2154 repercusso
542 2077 688 2137 mentitos
705 2077 825 2153 spargit
839 2078 872 2137 in
890 2078 993 2139 ornes.

250 2169 331 2235 Sunt
346 2173 459 2232 animis
475 2173 567 2232 etiam
584 2187 642 2233 sua
659 2172 764 2233 nuldia
781 2186 909 2233 crassus
925 2176 1043 2234 einer:

250 2269 300 2326 est
313 2265 489 2341 giaucoma,
509 2266 605 2325 aciem
623 2265 703 2339 quod
720 2265 858 2340 tegmine
873 2264 958 2326 vetat
972 2278 1103 2341 aquoso,

255 2362 351 2422 iincra
367 2375 406 2420 ne
418 2363 560 2420 tenerum
574 2363 714 2434 penetret
730 2359 888 2420 meditatio
904 2360 1037 2439 caetum,

251 2471 329 2517 neve
345 2452 444 2516 Deum
462 2455 578 2531 rapidis
595 2455 786 2531 conprendat
801 2455 947 2516 sensibus
964 2469 1071 2517 unum.

250 2546 417 2628 Spargitur
432 2550 464 2610 in
481 2551 591 2611 titides
607 2550 766 2611 malesana
782 2549 913 2612 intentio
928 2550 1026 2626 iures,

249 2655 282 2710 et
297 2647 437 2724 duplices
452 2648 587 2723 geminis
604 2649 784 2708 auctoribus
801 2647 921 2708 extruit
935 2662 1019 2708 aras.

250 2741 284 2807 Si
303 2743 364 2804 duo
380 2745 455 2803 sunt
470 2742 580 2817 igitur,
600 2756 656 2803 cur
671 2756 731 2803 non
749 2744 824 2802 sunt
840 2741 935 2801 muita
949 2738 1087 2803 Deorum

250 2839 346 2914 mitia,
365 2850 422 2897 cur
434 2850 564 2896 numero
579 2835 679 2895 deitas
694 2838 840 2895 contenta
855 2834 990 2909 gemello
1005 2835 1074 2896 esti

249 2948 288 2994 an
305 2944 366 2992 non
382 2930 414 2988 in
432 2928 560 3003 populos
577 2928 717 3003 dispersa
733 2928 875 2986 examina
893 2926 1000 2989 divum

249 3026 381 3087 tundere
396 3028 464 3083 erat
480 3022 602 3097 meiius,
622 3022 831 3095 mundumque
845 3021 964 3097 inplere
980 3037 1124 3099 capacem

250 3119 394 3182 semideis
411 3117 525 3193 passim
543 3116 628 3177 nullo
644 3115 824 3178 discrimine
841 3119 1001 3194 monstris,

234 3277 276 3325 ii.
297 3277 372 3324 rexit
385 3273 454 3322 siet.
467 3279 520 3322 tres
533 3270 610 3321 Febr.
626 3269 702 3321 Ciror.
718 3269 800 3321 Poett.
817 3271 898 3336 coit,
913 3272 957 3322 sed
971 3273 1022 3322 vid.
1040 3271 1068 3322 8.
1083 3271 1115 3336 ii,
1129 3272 1190 3322 997.

200 3344 243 3394 76.
263 3343 406 3394 indiscreti
418 3341 492 3403 Prag.
511 3340 615 3391 [istm.
634 3340 709 3390 Febr.
727 3339 782 3390 Gis.
799 3340 896 3392 Weitz.
912 3343 973 3406 (nou
986 3341 1007 3390 E
1021 3340 1062 3390 Pi.
1187 3342 1229 3391 ts.
1249 3342 1296 3391 Ide

164 3413 257 3477 Prsg.;
278 3416 382 3462 mistim
397 3411 473 3462 [ιιι.
489 3411 547 3460 stou
569 3416 623 3459 tres
637 3408 712 3459 ianr.
729 3408 804 3459 Cher.
820 3408 902 3461 Poett.
917 3411 1013 3460 Amstr.
1022 3446 1031 3473 ,
1051 3413 1170 3459 mictum
1183 3426 1218 3471 α,
1243 3414 1295 3459 mi-

162 3487 236 3533 tium
250 3482 307 3532 utu.
322 3480 403 3544 Lugd.
540 3479 582 3528 79.
597 3478 799 3545 aeqrriparndr'le
812 3495 829 3527 α
843 3494 866 3528 ιιι
880 3495 905 3528 ιι.
1048 3478 1091 3528 84.
1111 3494 1203 3528 oerum
1216 3493 1295 3544 supra

162 3551 177 3601 t
186 3555 294 3616 signum
307 3565 347 3611 m,
368 3565 422 3600 var.
438 3548 548 3599 lectione
562 3546 710 3596 obiiteratc.
844 3549 886 3598 86.
906 3547 1039 3613 suffundit
1052 3545 1110 3597 ssot.
1125 3563 1147 3597 m
1161 3547 1232 3596 stet.
1242 3554 1295 3597 tres

162 3617 239 3669 Febr.
256 3617 310 3669 Gis.
325 3617 422 3668 Weitz.
438 3624 498 3680 (non
513 3615 632 3677 Pictor.
649 3614 731 3665 Posti.
748 3617 858 3679 dmum,
875 3615 961 3680 plaga
976 3613 1004 3664 R.
1111 3616 1154 3666 87.
1169 3619 1295 3679 quotiens

163 3686 243 3737 Lean.
258 3703 276 3735 α
289 3701 303 3736 a
317 3702 339 3736 m
353 3703 369 3736 u
384 3685 471 3736 Heius.
486 3683 569 3745 088,
588 3688 695 3748 quoties
710 3684 766 3734 did.
783 3684 865 3748 Lugd.
887 3684 1019 3734 Siehdres
1032 3683 1110 3734 retr.
1126 3682 1179 3734 Gis.
1195 3681 1292 3733 Weitz.

163 3755 241 3805 Cher.
258 3753 338 3805 Poett.
354 3758 450 3806 Amata.
465 3752 529 3804 Caii.
545 3753 623 3803 drev.
735 3752 776 3802 88.
796 3757 928 3804 mentitus
940 3752 998 3803 did.
1014 3751 1095 3814 Lugd.
1203 3751 1246 3801 89.
1267 3758 1296 3802 et

164 3824 258 3874 acideo·
270 3839 296 3873 ιι.
384 3823 427 3872 90.
442 3822 514 3871 neiat
527 3821 547 3870 R
561 3819 617 3871 Put.
632 3837 687 3872 cum
702 3821 762 3870 otiis
776 3820 878 3871 flainus.
893 3819 991 3872 Weiss.
1007 3835 1052 3870 αι
1067 3819 1136 3868 stet.
1146 3826 1199 3869 tres
1214 3818 1293 3870 Febr.

163 3889 219 3942 Gis.
241 3891 337 3942 Weitz.
357 3891 434 3940 Cior.
456 3889 537 3941 Poett.
559 3892 654 3940 Amstr.
677 3889 761 3951 088,
785 3891 855 3940 nolet
874 3888 943 3940 0W
964 3888 1042 3938 Lour.
1068 3887 1141 3950 Prag.
1163 3887 1219 3939 dat.
1241 3905 1265 3938 m
1278 3906 1294 3939 u

164 3958 255 4011 Heius.
270 3959 336 4011 ceu.
351 3960 446 4021 Aren,
472 3959 552 4009 veliet
563 3961 683 4009 mendose
696 3959 754 4008 nid.
770 3957 851 4021 Lugd.
1026 3957 1069 4006 91.
1089 3962 1190 4008 tetrum
1203 3975 1219 4008 u
1234 3958 1292 4007 did.

163 4026 246 4094 Lugd.
370 4030 412 4079 93.
433 4029 559 4090 ηιαΙςΙῖιία
574 4028 602 4077 Β.
720 4028 763 4077 95.
784 4028 856 4076 Sunt
868 4025 942 4074 dno?
955 4024 1055 4075 saraed
1070 4024 1135 4076 Dav.
1151 4025 1205 4076 Gis.
1218 4048 1225 4085 t
1244 4041 1295 4076 cur

163 4111 218 4146 non
230 4102 297 4147 suat
309 4095 329 4146 R
342 4112 359 4145 u
372 4112 388 4147 ι
401 4113 424 4147 ιιι
445 4096 515 4147 sien.
527 4105 581 4147 tres
601 4095 676 4145 Febr.
700 4093 753 4144 Gis.
771 4092 867 4143 Weitz.
887 4092 964 4143 Cher.
986 4092 1068 4145 Poett.
1090 4095 1187 4146 Amstr.
1202 4094 1292 4146 Ciam.

103 4170 107 4177 '
163 4165 242 4216 Αιον.
257 4164 335 4227 dit,
354 4180 403 4214 cur
416 4182 466 4215 raon
480 4169 536 4216 sint
547 4164 566 4215 P
578 4181 594 4213 ιι
606 4164 665 4214 did.
680 4160 762 4225 tuga.
779 4159 864 4211 Heius.
880 4162 944 4212 deii.

216 4297 259 4353 80.
273 4296 365 4367 palla]
389 4300 486 4366 nubes,
513 4299 654 4363 nubecula,
678 4305 705 4347 ut
718 4296 849 4363 palliolum
862 4299 979 4351 mulieris
991 4308 1173 4365 tegumentum.

19 4478 24 4487 .
122 4372 339 4496 A
