2842 4808
400 292 471 351 Chl’.
487 290 517 344 tt.
551 292 592 343 DE
608 290 788 346 PllUDllllTll
803 286 976 345 OPERlBllS.
1206 292 1247 335 xv

107 482 176 524 sum
198 460 291 525 luisse
305 462 435 526 videtur.
469 462 562 527 Stilus
586 462 703 544 quidem
727 463 774 525 hic
790 463 852 526 illic
877 463 1009 549 hispidus
1026 477 1114 547 atque
1132 465 1248 529 hiulcus

109 555 176 617 fere
192 552 386 617 Prudentium
403 554 499 638 sapit,
517 564 547 618 et
564 554 734 619 Gennadius
751 556 778 618 id
795 577 910 638 qouque
925 559 1062 640 catalogo
1079 578 1134 621 suo
1150 558 1248 620 inser-

112 661 177 711 tum
193 640 377 729 retiquir³⁰).
410 646 550 709 Ceterum
568 647 696 709 Ohhario
714 649 769 711 hoe
786 669 890 731 poema
906 650 1102 733 compositum
1116 650 1246 726 videtur,

113 754 177 819 „nt
192 742 355 807 Christiani
379 743 521 806 historias
547 753 578 806 et
594 741 627 804 V.
645 753 675 804 et
689 743 727 805 N.
746 744 782 806 T.
810 745 947 807 versibus
970 744 1134 826 descriptas
1158 744 1248 807 hahe-

112 835 274 917 rent‘l).“
314 841 454 902 Attamen
472 850 559 922 poeta
581 839 606 901 si
630 839 658 902 id
681 838 738 901 sihi
755 840 886 901 voluerit
908 839 1009 902 ieiune
1033 852 1123 921 atque
1139 839 1249 923 imper·

113 939 193 998 tecte
207 936 367 999 successit.
405 935 463 997 Pro
485 946 568 997 certo
590 935 689 1018 potius
713 934 824 1010 habeo,
854 935 981 999 istorum
1005 936 1248 999 tetrastichorum

113 1027 239 1110 quodvis
256 1033 389 1111 picturae
405 1028 436 1092 in
449 1030 527 1092 sacri
545 1029 601 1092 loci
619 1027 783 1112 parietibus
803 1029 1001 1113 subscriptum
1019 1030 1144 1094 stetisse
1159 1041 1251 1111 atque

113 1122 308 1208 explicationi
332 1123 389 1207 ipsi
406 1124 584 1188 inservisse.
616 1127 738 1187 llectnm
762 1124 820 1185 iam
837 1124 930 1186 Areu.
955 1127 1017 1188 lere
1032 1125 1118 1188 vidit.
1152 1124 1250 1187 Obba·

112 1214 228 1296 rius⁴¹t
250 1238 324 1280 vero
341 1217 456 1295 etalii,
480 1240 592 1281 morem
609 1219 691 1281 illum
716 1239 779 1281 sec.
797 1217 836 1279 lV
852 1229 882 1280 et
899 1217 923 1279 V
939 1219 1124 1282 rarissimum
1142 1220 1247 1292 fnisse,

114 1323 198 1376 certe
222 1332 281 1372 non
304 1313 527 1388 asseruissent,
554 1314 580 1376 si
604 1315 678 1396 ipsis
702 1313 943 1375 catacumbarum
967 1309 1144 1397 crypta⁴²),
1172 1332 1249 1395 quae

114 1408 227 1470 domae
243 1416 274 1467 et
289 1405 413 1490 Neapoli
429 1407 588 1486 visuntur,
615 1408 674 1472 illis
690 1409 800 1471 seculis
822 1409 974 1472 anteriora
991 1410 1055 1472 suis
1071 1408 1166 1472 oculis
1183 1428 1249 1491 per-

115 1501 244 1563 lustrare
260 1499 450 1582 contigisset.

202 1592 284 1671 Quod
301 1591 331 1654 in
344 1593 492 1657 Gennadii
510 1594 637 1676 catalogi
657 1596 718 1658 lere
736 1595 837 1658 limine
854 1595 1140 1659 notaturPrudentii
1154 1614 1246 1677 opus:

120 1685 416 1749 commutaturum
439 1693 471 1749 iu
493 1709 606 1749 araurem
626 1687 821 1751 Graecorum
839 1687 1058 1751 Hrmuemeron
1082 1688 1121 1750 de
1141 1686 1251 1749 muudi

107 1781 244 1863 subrt'cu
260 1803 357 1866 usque
368 1784 412 1845 ud
423 1783 630 1846 conditionem
644 1788 742 1867 prt'rut'
752 1785 887 1847 horaa'm's
901 1794 933 1846 et
943 1784 1249 1867 praeuaricationem

118 1878 207 1952 eius,
225 1875 255 1939 id
271 1897 331 1938 non
346 1887 497 1959 superest.
533 1877 643 1955 Quodsi
661 1879 691 1940 in
709 1881 802 1963 prael.
822 1902 888 1963 opp.
908 1900 968 1941 non
992 1879 1116 1940 allatum
1139 1876 1197 1948 sit,
1221 1876 1250 1937 id

119 1989 221 2049 parum
239 1968 355 2049 prohat,
369 1970 565 2033 Prudentium
583 1973 648 2034 eius
661 1995 720 2035 non
737 1995 806 2036 esse
818 1984 983 2036 auctorem.
1001 1970 1135 2034 Alicuius
1151 1978 1251 2032 autem

118 2063 260 2124 momenti
277 2073 343 2140 est,
367 2073 400 2126 ut
415 2064 455 2126 ita
472 2066 535 2128 lere
552 2085 747 2144 censeamus,
773 2069 849 2149 quod
868 2067 943 2151 apud
961 2056 1197 2143 Generadium⁸³)
1215 2061 1251 2122 de

119 2157 260 2222 Salviano
275 2159 457 2223 Massiliensi
482 2163 646 2244 persimilie
667 2175 793 2226 extant:
818 2174 851 2225 et
872 2166 903 2225 r‘u
926 2183 1041 2225 morem
1059 2160 1251 2224 Graecorum

120 2252 158 2314 de
174 2255 332 2337 principio
358 2254 488 2317 Genesis
512 2277 607 2340 meque
628 2257 673 2319 ud
694 2258 899 2319 conditionem
927 2255 1059 2318 hominis
1083 2254 1254 2335 composuit

120 2367 209 2408 uersu
224 2391 234 2420 ,
254 2349 348 2430 quusi
360 2344 579 2410 Hemoemcroa
597 2348 709 2411 librum
726 2369 830 2411 unum.
866 2349 967 2430 ltaque
983 2369 1048 2410 cum
1066 2366 1162 2428 neque
1179 2344 1253 2406 Pru-

121 2440 225 2517 dentii,
244 2461 341 2523 neque
357 2442 488 2506 Salviani
506 2444 703 2509 Massiliensis
726 2445 907 2508 eiuscemodi
929 2465 1002 2526 opus
1019 2454 1124 2518 extet,
1148 2441 1254 2525 proha-

121 2534 183 2596 bile
196 2533 228 2595 lit
242 2535 393 2620 glossema
409 2547 461 2598 aut
477 2536 533 2603 huc
549 2548 600 2600 aut
615 2539 685 2601 illuc
700 2538 872 2620 irrepsisse.
898 2537 1079 2599 Trithemins
1091 2556 1209 2617 qnoque
1225 2533 1253 2595 id

121 2646 244 2708 prorsus
261 2626 442 2710 ignorat⁴⁴).

207 2720 339 2785 Alterius
353 2723 542 2785 Prudentium
556 2722 698 2785 carminis
714 2733 866 2785 auctorem
881 2742 950 2785 esse
966 2720 1102 2784 nonnulli
1118 2741 1159 2782 ex
1175 2719 1254 2782 Gen·

124 2816 204 2878 nadii
219 2817 309 2879 vhh.:
327 2820 416 2882 Fecit
431 2830 463 2882 et
477 2825 507 2882 iu
525 2819 647 2882 laudem
663 2829 838 2903 martyrum
860 2819 915 2881 suh
932 2819 1107 2904 olr'quorum
1124 2817 1254 2880 meraini-

123 2913 180 2974 hus
195 2913 414 2976 Inur'tutorr'um
438 2915 482 2977 od
496 2917 688 2998 Martyrium
705 2915 817 2977 lituum
841 2937 933 2977 urium
958 2914 1014 2975 sihi
1043 2908 1253 2996 colliguntll).

125 3007 175 3070 lsti
199 3007 335 3070 nimirum
360 3020 428 3092 post
450 3010 625 3072 raouu'm‘hus
640 3009 785 3090 virgulam
804 3009 919 3084 locant,
946 3029 1002 3090 qua
1027 3003 1255 3091 interpungendi

125 3104 242 3166 ratione
263 3104 304 3166 nil
326 3107 457 3187 pravius.
497 3105 642 3187 Equidem
660 3105 805 3167 Gennadii
822 3105 912 3180 vbh.,
936 3125 1012 3186 quae
1034 3105 1104 3186 quin
1126 3105 1255 3187 genuina

124 3201 185 3261 sint
200 3221 259 3261 non
275 3200 493 3277 dubitaverim,
519 3199 555 3261 ad
577 3199 685 3261 librum
701 3199 937 3282 Peristephanon
953 3199 1049 3261 adhuc
1065 3197 1255 3280 superstitem

124 3295 284 3355 referenda
310 3316 363 3376 pro
388 3305 472 3356 certo
490 3294 594 3356 haheo.
626 3294 765 3378 Legerim
782 3305 900 3356 tamem
927 3293 1016 3356 Fecit
1038 3302 1070 3353 et
1084 3295 1115 3354 r'u
1132 3291 1255 3354 lurtdem

125 3399 299 3471 rutartprum
319 3389 374 3451 suh
397 3390 573 3472 aliquorum
597 3387 770 3450 nominihus
791 3389 1008 3450 r'nuitotorium
1031 3386 1074 3447 ud
1096 3384 1257 3447 ‹eetetran-

126 3481 199 3543 dum
228 3483 413 3566 ruurtyrr'um
443 3479 504 3560 [vel
530 3480 574 3543 ad
596 3481 785 3543 celebrando
815 3481 983 3561 martyrio]
1009 3477 1120 3539 librum
1150 3497 1255 3537 uuum.

197 3673 241 3734 39)
261 3673 296 3723 lle
309 3675 360 3722 vir.
375 3673 470 3722 illustr.
487 3689 509 3722 e.
528 3673 568 3723 13.

197 3753 242 3810 40)
261 3751 376 3815 Prolegg.
392 3757 415 3817 p.
431 3749 503 3813 Xlll,
519 3758 570 3801 not.
587 3751 616 3800 st
633 3750 693 3800 coll.
708 3750 751 3799 52.

198 3828 242 3888 ll)
263 3826 380 3889 l'rolegg.
396 3844 420 3891 p.
435 3824 505 3876 Xlll.

199 3904 242 3965 tu)
261 3903 353 3953 Perist.
371 3901 417 3964 lx,
434 3901 536 3965 text,
554 3902 617 3963 127,
643 3900 818 3949 Bellermunu:
844 3896 927 3949 Ueher
947 3900 988 3949 die
1009 3899 1132 3949 ueltesten
1156 3899 1256 3948 christl.

131 3972 393 4032 Bepraebnissstiitten
408 3971 458 4020 und
472 3970 610 4020 besonders
623 3969 664 4018 die
679 3965 848 4018 llatacomhen
860 3983 892 4017 zu
904 3966 999 4032 Nenpel
1014 3968 1060 4018 mit
1073 3968 1145 4016 ihren
1160 3965 1259 4015 Wand-

128 4042 274 4103 gemiilden,
295 4039 524 4100 llamhurg,1839.

198 4117 244 4179 ts)
264 4115 280 4163 Ι.
297 4114 314 4163 Ι.
329 4131 353 4163 c.
368 4115 409 4164 st.

199 4192 245 4255 ld)
265 4190 323 4241 Vid.
338 4191 470 4257 descript.
485 4190 549 4241 eccl.
566 4189 585 4247 l,
601 4204 624 4253 p.
640 4187 699 4237 210.

200 4272 246 4330 ts)
266 4270 341 4320 lliihr.
357 4270 373 4319 l.
390 4270 407 4318 l.
423 4286 446 4334 p.
462 4271 504 4318 to.

1163 4406 1352 4520 A
