2842 4808
103 251 206 292 xxvnt
533 243 792 297 rnonnsonunn.

99 419 254 502 positum,
271 417 304 478 in
320 435 381 500 qtto
397 417 500 480 omnia
517 416 643 480 deorum
657 436 755 480 sacro
770 425 801 478 et
810 436 1012 500 paganorum
1027 435 1130 478 mores
1144 435 1238 477 acer-

105 511 183 572 rime
199 507 397 591 infamantur
412 531 451 572 ac
465 510 718 595 redarguuntur.
747 510 824 576 Cum
842 512 969 574 loannis
983 510 1160 574 Murmellii
1170 508 1238 573 lint·

104 603 320 667 remuntleasis
341 605 579 677 conmentario,
603 605 702 667 uam'ts
722 604 819 667 rebus
833 604 1019 689 vocibusque
1035 602 1172 685 referto.
1205 599 1239 663 In

106 696 184 760 line:
212 698 401 780 impressam
425 708 474 760 est
495 697 555 760 boc
571 699 751 781 opusculum
778 696 907 762 Colonia
929 704 962 760 in
984 693 1238 781 chalcographia

104 792 313 876 ingenuorum
336 791 503 855 liberorum
522 793 678 875 Quentell.
702 792 800 857 Anna
820 792 945 857 Christi
957 794 1028 856 nati
1040 792 1170 876 septimo
1184 809 1239 851 su·

101 907 165 970 pra
179 885 276 949 1111.
296 920 334 932 -
351 887 393 948 X.
412 887 562 953 calendas
575 887 699 951 lunias.
739 888 771 950 In
789 895 820 951 8.
838 911 946 974 magno
962 889 1080 974 111111,
1104 907 1190 969 qnam
1205 883 1238 947 in

107 986 138 1041 4.
157 979 333 1042 charactere
349 981 563 1067 semigothioo‚
581 1002 666 1062 quem
690 992 810 1043 vocant.
830 981 952 1046 Giselini
970 985 1005 1046 de
1020 978 1181 1045 hlnrmellii
1196 979 1240 1042 In·

107 1073 179 1137 hore
194 1072 336 1139 iudicium
353 1077 414 1140 vid.
432 1077 470 1141 ad
486 1078 534 1140 ed.
552 1074 645 1140 Nehr.
668 1083 759 1137 1512.

25 1177 88 1219 ¹⁵⁰⁹·
193 1170 388 1234 Daueutriae
410 1171 545 1254 prodisse
568 1168 844 1254 Psycboruacbiaru
869 1190 918 1231 an.
948 1176 1027 1232 1509
1050 1171 1144 1234 refert
1158 1166 1241 1230 Lud-

107 1265 228 1350 wigius.
252 1265 362 1330 Nescio
379 1287 417 1328 an
433 1267 506 1329 fides
522 1264 668 1328 habenda.

26 1377 87 1420 1111.
194 1357 327 1422 Aurelii
335 1357 503 1421 Prudentii
511 1356 679 1422 Clementis
696 1358 761 1420 uiri
770 1358 945 1420 consularis
960 1357 1062 1419 libelli
1073 1378 1139 1420 cum
1159 1376 1242 1419 cora·

106 1461 208 1514 mento
224 1448 364 1514 Antonii
371 1451 604 1516 Nebrisseusis.
630 1450 664 1514 In
679 1452 778 1514 calce:
797 1452 983 1536 impressum
993 1473 1149 1536 praesens
1162 1472 1243 1535 opus

107 1553 138 1610 in
155 1549 283 1610 ciuitate
298 1545 456 1609 Lucronii
464 1569 526 1632 per
541 1545 723 1609 Arnaldatn
744 1545 948 1610 Guillermum
968 1548 1006 1609 dc
1023 1547 1191 1624 Bracario,
1209 1555 1245 1607 et

97 1642 228 1727 finitum
244 1639 446 1703 dissecando
461 1643 576 1703 incuses
598 1642 783 1725 septembris
804 1663 885 1703 anuo
901 1663 921 1703 a
936 1643 1101 1704 nativitate
1120 1639 1244 1704 Christi

107 1738 269 1801 millesimo
285 1738 534 1822 quingentesimo
552 1737 743 1800 dirodeca‘uno.
767 1737 888 1820 Absque
910 1747 1077 1800 commento
1093 1734 1242 1798 exhihen-

107 1842 156 1896 tur
170 1830 295 1916 npetu,
313 1831 414 1911 Ham,
432 1831 504 1895 libb.
523 1844 626 1897 contra
643 1832 771 1918 Symm,
790 1832 841 1895 Iih.
859 1834 969 1896 Perist.
988 1831 1089 1917 hymn.
1108 1832 1163 1907 IX,
1181 1828 1240 1906 XI,

107 1925 178 2003 XII,
195 1924 280 2003 XIII,
297 1925 381 1987 XIV.
418 1925 615 1989 Desideratus
637 1927 845 1990 Dittochaeon.
887 1930 918 1988 ln
935 1927 1047 1990 criticis
1063 1925 1170 1988 Aldum
1192 1943 1241 1986 se·

108 2019 221 2102 quitur,
239 2018 391 2080 erroribus
408 2019 540 2082 eiusdem
558 2019 669 2103 pluries
686 2021 819 2104 repetitis
836 2043 922 2102 qnam
939 2018 1092 2102 castigatis
1102 2013 1155 2099 ¹⁸).

23 2120 77 2163 ¹⁶¹²
193 2116 329 2179 Aurelii
348 2112 519 2177 Prudentii
540 2113 708 2178 Clementis
730 2119 796 2178 oiri
815 2118 991 2178 consularis
1014 2114 1125 2177 libelli.
1166 2112 1241 2177 Cum

4 2171 279 2283 ilbi¹⁰commento
293 2208 436 2271 Antonii
448 2206 679 2271 Nebrissensis.
714 2208 789 2274 Cam
807 2211 992 2294 priuilegio.
1031 2205 1241 2291 1111111311-

110 2315 171 2367 tam
186 2304 320 2368 cernitur
335 2313 461 2368 stemma
476 2303 667 2387 Hispanicum
687 2303 787 2368 Tanto
803 2315 919 2367 monta.
946 2304 1017 2367 Sine
1034 2305 1099 2367 loeo
1115 2313 1148 2365 et
1162 2322 1241 2365 anno

110 2400 279 2463 11111114.
310 2398 507 2464 characteres
536 2411 606 2462 sunt
633 2400 832 2485 semigothiei.
871 2401 1069 2465 praelationis
1099 2402 1164 2464 loeo
1195 2409 1244 2461 est

109 2494 288 2579 epigramma
310 2490 404 2558 Aelii
416 2497 556 2559 Antonii
568 2495 790 2560 Nebrissensis
809 2497 853 2559 ad
875 2496 1078 2560 Prudenltum
1101 2517 1146 2558 ea·
1169 2494 1241 2558 Bri·

109 2592 216 2654 tannis
237 2587 442 2670 relocatam).
475 2591 559 2654 Hanc
580 2593 649 2668 ed.,
675 2613 760 2675 qnam
791 2593 823 2655 in
851 2593 1002 2656 Romanae
1028 2587 1241 2656 UniversitatIs

107 2683 285 2748 bibliotheca
307 2684 367 2747 vidi
393 2686 562 2768 passimque
585 2687 696 2748 contuli
719 2707 778 2748 non
801 2707 870 2748 esse
891 2685 950 2750 nisi
972 2687 1102 2769 priorem
1117 2683 1241 2748 Nebris-

108 2778 206 2842 sensis
227 2777 385 2859 repetitam
409 2797 583 2859 persuasum
601 2778 707 2843 haheo.
738 2779 806 2842 Non
828 2777 907 2840 alind
927 2780 1020 2840 terme
1035 2783 1114 2840 inter
1129 2790 1241 2841 utram·

108 2891 166 2954 que
181 2872 343 2936 discrimen
358 2872 547 2936 intercedere
559 2875 690 2951 videtur,
708 2895 795 2956 qnam
812 2875 889 2956 qnod
907 2874 936 2937 in
949 2876 1015 2937 edd.
1030 2872 1143 2935 Amstr.
1160 2880 1239 2935 1625

109 2977 140 3030 et
166 2974 266 3044 1631,
297 2967 401 3029 Calon.
430 2974 508 3030 1701
535 2979 565 3031 et
591 2976 670 3031 1750
695 2968 977 3031 animadvertemus.
1017 2969 1113 3032 Ordo:
1139 2966 1238 3043 Ceth,

108 3062 278 3142 Romanas,
302 3063 433 3139 Perist.‚
458 3064 587 3147 Psych.‚
610 3062 745 3146 Apoth,
764 3064 872 3139 Ham,
891 3058 1006 3147 Symm.
1026 3061 1240 3125 Desiderantnr

108 3157 217 3221 Perist.
235 3155 363 3241 hymnus
374 3156 442 3219 VIII
458 3168 488 3220 et
499 3157 706 3220 Dittochaeon.
733 3155 805 3218 Sine
821 3155 1021 3239 explicatione
1036 3164 1107 3217 sunt
1128 3152 1236 3215 Perist.

109 3252 211 3336 hymn.
229 3250 286 3325 IX,
303 3250 359 3329 XI,
377 3251 447 3322 xtt,
464 3250 551 3328 XIII,
567 3248 655 3328 XIV,
673 3249 799 3334 Apoth„
817 3250 918 3326 Idam,
936 3250 1049 3333 Symm.

30 3370 89 3412 1111.
195 3349 281 3414 Cath.
305 3348 408 3435 hymn.
430 3348 469 3411 V.
494 3350 550 3430 [ad
568 3351 727 3411 incensum
750 3350 908 3428 lucernae]
930 3346 1140 3429 Wittehergae
1163 3355 1239 3407 teste

108 3446 266 3530 Ludwigio
283 3445 446 3528 impressus
460 3454 508 3507 est
522 3463 573 3506 an.
595 3448 687 3504 1513.

197 3538 295 3603 Liber
317 3541 349 3600 ia
373 3560 434 3623 qao
463 3535 616 3600 scribitur
639 3537 749 3620 passio
771 3536 801 3599 b.
824 3535 961 3600 llomani
980 3537 1133 3619 martyris
1155 3544 1187 3596 ct
1207 3536 1239 3596 in

110 3635 216 3699 eodem
232 3641 345 3696 eontra
360 3655 465 3695 omnes
477 3631 647 3718 gentilium
663 3629 737 3693 deos
751 3640 914 3716 sectasque
936 3639 970 3692 ct
988 3651 1083 3692 sacra
1099 3629 1239 3713 disputa-

182 3813 225 3879 18)
243 3810 298 3864 Gis.
313 3817 445 3862 comment.
461 3809 487 3859 in
500 3810 593 3877 Psyoh.
612 3826 636 3877 p.
652 3813 684 3863 3:
700 3811 772 3875 „Sed
791 3818 818 3862 at
836 3811 1035 3861 commentarius
1055 3810 1122 3874 tetij
1136 3810 1240 3875 Antonij

111 3880 290 3934 Nebrissensis
303 3881 329 3930 in
343 3880 406 3930 treis
419 3879 518 3945 priores
531 3880 621 3944 libros,
635 3888 661 3931 et
674 3879 743 3932 loen.
756 3878 884 3944 MurmeIij
899 3881 924 3929 in
939 3878 1076 3930 Romanum
1090 3886 1239 3946 martyrem,

111 3966 279 4019 amparem,
303 3958 331 4000 nt
344 3964 397 4000 rem
414 3949 494 4014 ipsam
511 3947 612 4012 lateas,
636 3949 749 4001 laborent
762 3951 829 4000 hune
841 3964 923 3999 meam
936 3948 1101 3999 levaverant.
1128 3946 1239 4013 Uterque

110 4023 178 4072 enim
198 4034 319 4072 summam
340 4018 493 4082 diligentiae
512 4019 611 4068 landem
624 4019 775 4085 praesertim
789 4019 814 4068 in
834 4018 951 4083 historijs
969 4017 1128 4083 explicandis
1141 4033 1243 4083 prome·

111 4091 172 4140 ruit.
204 4089 232 4139 In
251 4088 298 4139 illo
317 4095 402 4138 tamen
421 4087 486 4138 artis
505 4087 620 4156 poitiers
640 4088 926 4151 animumanimum,
952 4087 1241 4152 inhocplusobservn·

110 4159 205 4209 tionem
217 4157 453 4208 desideraverim.“

181 4236 225 4300 19)
244 4235 300 4288 Clu.
314 4237 374 4288 Ata.
389 4235 459 4289 nom.
475 4253 516 4305 ep.
531 4237 613 4287 dedic.
626 4236 659 4286 ed
672 4235 786 4288 Clarium
800 4235 884 4289 Parm.
899 4239 925 4287 in
938 4236 980 4289 ed.
995 4255 1020 4304 p.
1033 4236 1059 4288 2.
