2842 4808
113 326 188 378 cut.
206 324 252 378 111.
271 324 315 376 DE
328 322 499 376 CODIClBUS
513 322 588 375 MSS.
608 322 652 374 ut·
666 318 877 375 summittens
891 323 1081 379 subcubuit.
1149 329 1217 373 xxv

83 495 137 560 scd
158 495 302 580 deinceps
322 494 477 559 tractando
499 492 682 576 colendoque
710 493 836 558 reddere
857 494 895 558 iis
918 514 953 558 so
977 498 1038 561 oris
1061 508 1093 560 et
1114 499 1217 562 vultus

82 592 346 655 delinenmenta.“
386 593 464 655 idem
487 592 544 655 sibi
568 594 652 669 vult,
676 594 753 675 quod
779 594 869 658 Fidus
890 592 1014 675 Optatus
1023 592 1063 675 ¹⁰)
1087 597 1124 658 dc
1147 616 1217 658 cor·

82 699 205 752 motura
220 689 347 772 quedam
361 689 393 751 in
402 687 543 751 Aeneidis
558 687 660 750 codice
675 709 764 750 mauu
780 689 874 772 ipsius
882 687 1002 772 Virgilii
1015 690 1093 752 iacta
1108 690 1214 754 refert.

85 784 144 864 Qui
158 784 253 868 igitur
272 785 358 847 codd.
376 783 602 862 describebant,
627 783 729 846 varias
750 783 928 868 autographi
946 784 1091 848 lectiones
1106 783 1216 867 passim

83 879 220 964 adpictus
242 879 300 962 ipsi
324 881 419 943 textui
444 882 521 943 sorte
536 890 588 943 aut
603 891 708 962 sponte
722 880 932 958 insinuabant,
958 901 1017 964 quo
1032 880 1140 943 iactum
1157 889 1214 953 est,

81 988 117 1039 nt
132 975 285 1060 primitiva
308 985 414 1059 poetae
436 977 514 1039 dicta
538 977 649 1040 sensim
667 996 722 1039 suo
737 977 804 1039 loco
820 979 974 1040 cederent.
1013 973 1069 1040 Ast
1083 975 1150 1037 cod.
1168 994 1218 1038 ar·

81 1072 244 1157 ebetypum
268 1071 388 1136 seboliis
410 1070 652 1136 interlinearibns
675 1072 838 1155 praeditum
857 1072 962 1149 luisse,
987 1083 1019 1136 ut
1034 1065 1216 1151 0bbario¹¹)

81 1169 224 1246 ridetur,
242 1168 308 1232 eius
322 1168 365 1230 rei
383 1167 488 1230 nullibi
504 1167 644 1230 indicium
660 1177 717 1230 est.
758 1167 952 1251 interpolatio
967 1190 1042 1232 vero
1065 1188 1132 1230 oum
1149 1186 1218 1229 coe·

84 1265 190 1348 pisset,
206 1265 378 1328 seculorum
395 1264 522 1326 decursu
539 1284 697 1347 progressu
714 1273 759 1326 est
772 1285 808 1326 eo
826 1283 932 1345 usque,
951 1274 984 1327 ut
995 1284 1036 1326 ex
1050 1261 1124 1338 illis,
1141 1281 1218 1344 quae

70 1367 193 1424 extant
211 1357 332 1438 seriptis
353 1357 554 1419 monumentis
578 1356 739 1438 genuinum
762 1355 915 1419 Prudentii
940 1367 1056 1420 textum
1080 1358 1217 1423 omnibus

88 1451 219 1515 numeris
239 1451 406 1514 absolutum
423 1451 574 1515 enucleari
596 1462 683 1532 atque
700 1451 888 1534 repsistinari
910 1472 998 1535 posse
1013 1454 1068 1518 vix
1083 1454 1215 1518 credam.

86 1543 202 1608 Etenim
227 1545 258 1608 in
281 1546 418 1609 omnibus
434 1547 543 1622 codd,
568 1547 645 1627 quod
662 1541 786 1625 scio¹²),
812 1547 943 1609 secunda
957 1568 1063 1611 manus
1078 1546 1219 1611 emenda·

83 1640 146 1703 trix
167 1640 334 1705 invenitur.
373 1642 430 1705 Sed
461 1643 520 1705 iam
548 1641 579 1704 in
603 1641 799 1704 recensendis
828 1641 1011 1706 editionibus
1034 1644 1070 1706 de
1091 1642 1218 1725 singulis

81 1734 180 1797 dicam
195 1735 365 1811 codicibus,
382 1737 486 1819 quibus
504 1735 569 1798 nixi
585 1736 642 1798 viri
660 1735 738 1797 docti
752 1734 820 1798 illas
837 1747 1032 1819 paraverunt,
1050 1758 1110 1801 non
1126 1736 1219 1800 omis·

82 1849 185 1906 surus,
202 1830 254 1913 qui
269 1840 424 1914 praeterea
440 1830 591 1893 mentione
607 1829 688 1914 digni
706 1827 899 1892 videbuntur.

171 1958 203 2014 2.
230 1955 397 2020 Fabricius
413 1956 443 2018 in
459 1955 531 2017 bibl.
549 1965 611 2016 vet.
631 1954 682 2016 lat.
708 1954 867 2016 editionem
884 1954 1037 2018 Prudentii
1055 1954 1218 2020 sevidisse

82 2057 214 2110 testatur
234 2053 303 2112 sabe
318 2053 386 2113 loco
410 2060 442 2112 et
456 2072 538 2112 nnnc
563 2051 675 2111 formae
701 2056 740 2125 4,
766 2070 842 2131 quae
858 2053 968 2113 ceteris
984 2049 1119 2114 omnibus
1136 2051 1218 2135 prior

81 2159 151 2203 esse
166 2141 299 2206 videtur.
331 2144 362 2206 ln
380 2143 460 2205 calce
476 2143 558 2225 leg.:
589 2145 672 2205 Aur.
695 2141 793 2205 Clcnr.
812 2140 983 2206 Prudentii
1002 2165 1099 2229 opere
1117 2144 1219 2208 lector

82 2235 143 2298 doe
156 2237 267 2300 ordine
284 2242 436 2324 impressa
449 2241 597 2301 inuenies.
616 2238 754 2301 Primum
770 2241 802 2299 r'n
819 2248 984 2324 utrumque
1001 2249 1217 2303 testamentum

83 2332 285 2396 umnsb'ebn.
324 2335 450 2399 Deinde
474 2356 559 2407 eum,
592 2354 680 2418 quem
704 2333 743 2395 de
765 2333 931 2398 diuinitate
955 2334 1066 2397 librum
1089 2336 1221 2418 scripsit

81 2424 332 2514 apotheosinque
349 2430 499 2492 titulavit.
526 2427 776 2512 Pspebomaebic
791 2430 945 2512 sequitur.
973 2428 1219 2514 Hnmnrtigenia

82 2517 135 2582 tie
149 2531 238 2584 recto
250 2522 361 2585 ordine
376 2523 518 2585 additur.
538 2520 790 2605 Peristepitunon
806 2521 964 2599 subditur,
981 2524 1029 2585 sic
1041 2525 1120 2584 enim
1136 2523 1219 2586 liber

80 2636 204 2698 graece
217 2618 261 2680 nd
272 2621 461 2704 martyrium
483 2616 680 2681 inscribitur.
721 2617 879 2679 Diuturno
901 2639 974 2680 cero
990 2616 1088 2692 libro,
1112 2623 1220 2704 quiet

84 2708 321 2774 cutbemerinon
343 2712 462 2775 dicitur
484 2722 516 2775 et
534 2734 587 2788 eo,
615 2731 703 2795 quem
726 2721 838 2772 eontra
853 2709 1067 2795 Symmachum
1084 2712 1218 2775 idolola-

85 2803 182 2864 trium
197 2803 411 2888 defendentem
425 2807 571 2890 conspuit,
602 2805 717 2889 pulcro
740 2813 772 2866 et
791 2814 878 2867 recto
902 2806 1012 2868 ordine
1028 2815 1125 2869 totum
1141 2827 1218 2891 opus

83 2907 298 2961 comuntur.

170 3002 344 3085 Augustae
368 3000 608 3066 Wbdelicorum
630 2998 737 3062 Finem
762 2998 1027 3084 Hcmurtigeniae
1048 3024 1115 3065 cum
1138 2999 1341 3088 Psy-tomum.

82 3092 271 3156 ebomncbia
285 3116 336 3157 an.
359 3102 438 3157 1470
455 3094 591 3177 prodisse
606 3092 781 3176 Ludwigius
798 3093 881 3156 solus
898 3104 1054 3156 memorat.

170 3195 425 3280 Non’ambigitur
447 3197 482 3259 de
505 3195 551 3258 ed.
579 3196 774 3259 [incentrice
797 3217 827 3258 a.
849 3203 929 3258 1492
948 3201 1023 3280 (non
1038 3220 1067 3262 a.
1089 3205 1168 3260 1495
1185 3206 1219 3261 ut
1236 3220 1298 3264 stoa

84 3295 179 3354 brev.
205 3292 371 3357 Giselinum
393 3314 454 3356 non
475 3292 648 3376 intelligens
670 3292 701 3353 in
723 3292 859 3376 prolegg.
886 3316 914 3377 p.
935 3301 973 3356 79
998 3295 1075 3357 male
1098 3316 1219 3378 compu-

85 3394 141 3469 tat)
153 3382 210 3469 18).
231 3426 276 3473 '—
298 3388 429 3452 Victori
449 3388 588 3452 Giselzno
611 3409 719 3451 novam
742 3389 895 3452 Prudentii
918 3389 1078 3452 editionem
1102 3389 1220 3474 paranti

158 3593 202 3659 19)
221 3591 277 3645 cu.
292 3594 361 3645 Geli.
377 3593 408 3645 N.
424 3597 454 3645 Α.
472 3594 504 3660 ΙΙ,
518 3597 543 3660 3,
558 3597 583 3646 5.

157 3682 202 3744 11)
220 3678 336 3746 Prolegg.
352 3697 377 3747 p.
392 3679 500 3733 xxvtt.

91 3837 124 3884 Η
153 3766 201 3884 ι13)
219 3765 337 3818 Puteuno
355 3768 487 3819 mirandae
506 3769 644 3820 vetustatis
664 3768 803 3833 exemplari
823 3783 871 3817 non
890 3775 997 3835 excepto
1016 3776 1045 3820 ut
1063 3769 1140 3822 Catb.
1161 3769 1221 3835 Vll,

138 3849 151 3882 e
180 3873 186 3884 .

163 3923 204 3988 13)
222 3923 301 3974 Fabr.
317 3925 334 3975 Ι.
350 3926 367 3974 l.
383 3933 410 3976 et
423 3924 548 3978 Moittair.
570 3929 677 3991 (Annei.
691 3935 791 3996 typogr.
808 3927 826 3990 i,
840 3943 866 3993 p.
880 3925 924 3995 99)
940 3928 1094 3994 loquuntur,
1115 3930 1220 3996 perinde

89 3992 164 4059 qnasi
177 3994 218 4044 ed.
234 3991 431 4045 {daventriensis
444 4011 469 4045 n.
486 3997 550 4047 1472
564 4005 644 4048 extet.
674 3998 700 4048 ld
718 3998 768 4047 inm
788 4013 859 4046 nemo
872 3998 963 4048 erodit.
980 3996 1079 4048 Prodiit
1091 4009 1175 4048 nutem
1189 4012 1219 4048 ca

90 4063 156 4112 baud
171 4063 249 4113 dabie
269 4079 309 4129 up.
333 4062 500 4114 Ilionnrdum
512 4067 643 4131 Pnffroat.
662 4067 737 4126 1192,
751 4068 775 4116 t.
796 4066 884 4116 Ebert.
899 4066 978 4131 (bibl.
994 4067 1060 4127 lox.)
1074 4084 1121 4116 non
1135 4081 1219 4117 rarum

88 4133 151 4182 dicit
163 4132 197 4181 ad
211 4132 318 4182 lucensi
329 4132 370 4184 cd.
388 4133 508 4185 Devontr.
524 4135 559 4200 (Ι,
572 4152 597 4202 p.
611 4135 674 4199 928)
688 4137 750 4185 bnon
763 4135 906 4184 adnotans:
920 4137 977 4184 Dur
990 4135 1073 4185 letzte
1087 4136 1156 4185 biorn
1169 4136 1226 4202 nus

89 4202 138 4251 der
156 4200 301 4251 iidclrseitc
320 4201 465 4252 bedruolttc
482 4205 561 4255 Blntt
580 4204 633 4268 (ed.
657 4203 773 4269 iuvenci)
794 4203 903 4254 entbd'it
926 4207 967 4252 oin
986 4204 1147 4269 Epr'grnmm
1169 4221 1219 4255 von

87 4271 179 4322 Herm.
206 4271 315 4321 Bucen:
336 4269 436 4335 pentirt
462 4275 604 4338 cigontb'eb
624 4290 656 4323 zu
678 4273 812 4324 desselben
832 4271 968 4324 Druckers
993 4274 1135 4336 Ausgnbcn
1160 4290 1219 4324 nom

89 4340 261 4392 Prudentius
272 4340 331 4391 und
342 4340 474 4392 Sedulius.
