2842 4808
622 284 840 337 uroruuostS.

259 493 321 540 non
336 478 502 538 revocante
518 475 599 535 lame
614 474 769 550 stipabant
784 472 920 548 undique
935 473 1056 546 septum

259 575 507 646 inmemoresque
522 569 582 629 citri
595 569 695 643 vicos,
712 567 853 643 castella,
871 564 1046 640 macellum,

256 669 378 745 oppida,
396 669 550 728 mercatus
566 668 597 725 et
612 664 816 726 conciliabula
832 666 864 725 et
879 662 973 724 urbes

257 763 452 839 respuerant,
471 760 559 835 largo
574 758 711 820 contenti
727 759 870 833 dogmate
885 755 981 817 vesal.

256 855 357 920 Multa
373 856 476 917 virum
491 859 590 916 strato
606 855 729 915 terrent
744 852 888 914 convivia
902 851 986 912 ieuo.
1019 852 1021 857 '

257 948 414 1015 Centenm
430 951 523 1012 simul
538 951 702 1012 accubitus
718 950 814 1010 iniere
829 946 964 1021 sodales,

258 1061 353 1123 seque
367 1060 422 1122 per
437 1047 617 1107 innumeras
633 1044 802 1105 inirrndunt
815 1040 939 1117 agmina
956 1053 1091 1114 mensas,

257 1139 426 1218 pisciculis,
444 1139 506 1199 ianr
522 1139 614 1200 crede
630 1137 743 1212 Deum,
762 1135 930 1198 saturanda
946 1133 1066 1194 duodus
1246 1145 1295 1194 ris

258 1239 289 1297 et
302 1235 411 1311 paucis
427 1237 587 1294 crescente
603 1235 670 1294 ultro
685 1247 740 1309 per
756 1232 909 1308 iragmlua
925 1229 1053 1291 crustis.

258 1330 401 1393 Ambesls
418 1331 545 1405 dapibus
562 1329 741 1392 cumulatim
758 1328 886 1403 adgesta
901 1325 1074 1387 redundant
1152 1411 1153 1415 Ἰ

257 1427 386 1502 iercula,
406 1425 453 1486 iris
468 1442 562 1488 senos
577 1428 728 1488 micarum
744 1425 877 1485 molitus
891 1421 1010 1497 inplent

255 1525 326 1598 post
341 1535 467 1581 caenam
484 1519 653 1595 cophinos3
677 1517 793 1578 crudus
809 1515 940 1576 conviva
954 1512 1083 1575 resudat

258 1617 434 1692 congeriem
449 1615 583 1688 ventris,
601 1613 699 1688 gemit
714 1616 745 1673 et
760 1614 818 1674 suti
835 1613 917 1673 iasce
932 1613 1085 1675 minister.
1247 1626 1296 1678 rao

256 1708 335 1793 Quis
351 1709 511 1771 cumulare
526 1712 629 1784 potest
644 1709 752 1785 epulas
768 1709 799 1769 in
815 1708 946 1784 grandia
961 1710 1096 1784 parvas?

255 1808 337 1884 quis,
355 1807 414 1867 nisi
431 1805 484 1880 qui
500 1817 613 1878 corpus
628 1806 813 1878 pastumque
828 1807 859 1864 et
874 1804 1014 1878 corporis
1029 1818 1151 1866 omnem

256 1902 390 1963 condens
406 1914 445 1960 ex
462 1897 557 1960 nihilo
572 1896 658 1958 nulla
675 1899 830 1958 existente
845 1899 965 1959 creavit

255 1995 402 2057 muudum
420 1992 570 2054 materia?
585 2007 648 2053 non
664 1993 747 2052 sicut
763 1991 902 2066 sculptor
916 1993 954 2053 ati
970 1993 1052 2054 aeris

253 2090 366 2152 rudere
382 2089 540 2149 decoctam
557 2087 734 2147 consuescit
749 2087 856 2147 vivere
869 2100 1022 2148 massam:
1245 2100 1294 2152 aas

253 2183 308 2245 sed
324 2179 410 2244 lleus
425 2181 621 2256 omnipotens
635 2180 741 2241 orbem
756 2180 825 2241 siue
840 2180 957 2240 semiue
972 2179 1074 2241 tinxit.

237 2374 296 2424 708.
311 2372 365 2424 Nec
379 2370 472 2433 Prusa
485 2371 611 2435 stipabat
627 2370 679 2419 lm.
753 2370 812 2419 tid.
826 2375 962 2420 mereator
975 2369 1017 2419 2η
1028 2384 1044 2421 ι
1056 2386 1083 2421 n.
1143 2372 1203 2422 712.
1209 2372 1294 2436 sueta

174 2444 226 2492 in.
334 2442 393 2491 713.
413 2442 515 2489 iared.
622 2438 681 2487 715.
701 2438 886 2488 iamdedr'rirt.
994 2439 1248 2491 Tithrausten.

220 2511 279 2561 718.
299 2510 424 2560 mollitus
438 2508 469 2558 nd
483 2522 552 2558 oram
567 2505 624 2556 flet.
651 2506 689 2556 ui
702 2511 834 2557 minarum
849 2507 942 2557 modiin
959 2514 1058 2573 spectat
1070 2510 1148 2559 etiam
1163 2508 1244 2560 isonis
1258 2510 1291 2572 gl.

187 2581 241 2630 tiu.
259 2594 355 2630 coenas
370 2579 405 2627 ia
420 2580 474 2628 iar.
547 2576 604 2625 720.
618 2579 749 2626 ministra
760 2573 848 2638 Pras„
862 2578 1004 2627 ministrat
1020 2578 1064 2643 iq.
1137 2579 1195 2628 721.
1207 2594 1293 2644 pran-

170 2649 213 2699 dia
227 2649 358 2711 ingeniose
371 2647 440 2697 coni.
455 2645 552 2695 Cauch.
671 2645 728 2695 722.
748 2651 913 2710 pastumque
926 2649 953 2694 et
964 2645 1051 2711 scripti
1065 2661 1095 2696 ιο
1108 2646 1182 2713 impr.
1196 2663 1293 2705 ornnes,

167 2725 275 2783 pastura
289 2732 395 2783 quaeque
408 2731 483 2780 corp.
498 2714 565 2763 coni.
581 2711 685 2774 Heius,
705 2718 731 2761 ct
743 2719 853 2779 pastum
869 2729 941 2778 corp.
956 2716 1022 2764 coni.
1038 2716 1132 2778 Arev.;
1152 2733 1229 2766 omna
1242 2717 1257 2766 b
1271 2733 1294 2767 m

168 2787 266 2837 weita.
281 2788 343 2849 (non
358 2785 395 2845 B).
510 2782 568 2832 724.
585 2782 643 2832 725.
663 2782 696 2830 ab
710 2797 772 2831 aare
786 2782 903 2833 Crudum
918 2788 946 2831 et
956 2787 1124 2835 inexcoctam
1139 2801 1210 2835 conr.
1227 2785 1291 2837 Dav.

167 2855 223 2906 Gis.
235 2875 242 2919 ;
254 2856 365 2918 fingere
379 2851 438 2901 liat.
451 2867 474 2901 m
487 2854 577 2916 (supra
589 2866 634 2917 pro
649 2850 701 2900 div.
715 2851 818 2916 script.)
832 2866 846 2916 q
862 2850 936 2903 Febr.
953 2851 1008 2902 Gir.
1024 2852 1120 2904 Weitz.
1141 2859 1202 2919 (non
1217 2855 1236 2904 E
1253 2855 1292 2920 Ρ),

167 2922 224 2992 [sed
238 2925 287 2974 eir.
303 2922 404 2984 Heius,
419 2921 486 2971 Stat.
501 2918 564 2971 Silv.
580 2918 611 2983 ii,
626 2921 651 2976 2.
665 2920 706 2970 67.
724 2918 777 2970 lav.
792 2919 861 2984 viti,
878 2922 925 2971 103
939 2920 1013 2990 etc.].

217 3087 277 3136 tos,
290 3085 366 3134 Licet
373 3087 478 3150 samem
485 3088 650 3151 paterentur
659 3099 709 3148 po·
804 3086 864 3135 711.
885 3083 1013 3151 dogmata
1030 3084 1112 3152 neren]
1133 3086 1187 3138 cn.
1202 3086 1232 3140 C.
1247 3086 1293 3152 iV,

162 3157 224 3222 μὴ·
238 3159 355 3219 propter
373 3153 541 3204 dulcedinem
558 3158 587 3203 et
601 3153 708 3218 praedi·
754 3152 795 3218 iu,
809 3155 849 3205 33.

165 3229 300 3275 aaronem
316 3224 435 3280 cunuti,
456 3226 536 3272 eiiam
556 3226 584 3271 in
603 3223 708 3272 deserto
804 3224 863 3274 721.
883 3223 989 3274 Addida
1006 3241 1107 3290 parato,
1129 3224 1157 3275 id
1176 3231 1218 3274 ert
1226 3241 1293 3290 par-

164 3293 295 3343 toiadant
308 3309 365 3341 eum
380 3294 532 3355 relinquere
543 3290 578 3354 pl.
592 3306 617 3340 a.
751 3306 799 3341 vas
812 3299 965 3343 creaturae.
993 3294 1108 3343 Paruum
1122 3298 1211 3343 autam
1226 3295 1294 3342 dicit

215 3363 275 3411 710.
303 3358 495 3426 conciliabula]
521 3361 567 3409 udi
592 3360 706 3410 eoncilia
748 3366 863 3426 propter
876 3362 1217 3427 impeffectionem‚quari
1228 3362 1293 3410 deun

137 3431 319 3497 ,egerantur
331 3430 366 3491 gl.
381 3444 412 3496 ⁸3
432 3430 503 3488 laea,
524 3429 566 3477 ubi
585 3429 610 3477 in
624 3430 708 3478 conci·
750 3433 923 3496 irnper‘sactar
942 3431 1222 3493 ereaturauseaisret,
1245 3432 1294 3492 qui

163 3497 406 3561 dinannensium,
423 3498 440 3547 i.
456 3513 479 3547 c.
495 3495 536 3546 ubi
552 3513 707 3562 congregau-
751 3501 885 3548 nerninem
902 3503 927 3546 in
951 3497 1025 3548 XXX
1044 3512 1174 3547 annorum
1200 3503 1293 3546 natata

163 3575 207 3617 tar
237 3568 352 3616 tornines
381 3566 541 3631 colloquendi
567 3574 592 3615 ei
616 3566 707 3630 agendi
751 3571 869 3629 creauit,
892 3573 1032 3616 creaturae
1052 3571 1292 3632 quoquaonetcrar

163 3650 254 3697 amu,
268 3634 354 3701 qualia
367 3635 392 3685 in
407 3635 472 3685 vicis
482 3642 542 3685 eunt
552 3643 577 3685 et
590 3634 615 3683 in
627 3636 705 3698 agris,
748 3637 887 3701 perfectas
898 3637 979 3699 feeit.
1011 3634 1081 3686 Nam
1102 3636 1214 3685 ardores
1228 3650 1293 3700 pro·

162 3705 207 3755 nbi
221 3705 312 3754 rustici
326 3705 504 3755 coeunlcertis
517 3704 607 3753 diebus
620 3704 660 3753 vel
675 3703 706 3752 ad
750 3705 876 3754 ducendis
889 3705 1033 3767 planctibus
1050 3709 1131 3768 aptas
1149 3709 1292 3769 omniaque

162 3773 298 3824 eruendam
309 3781 336 3823 et
348 3775 517 3836 vendendum,
531 3773 573 3822 vel
586 3772 617 3821 nd
631 3787 707 3835 agen·
751 3775 879 3823 anirnaiia
886 3775 1009 3839 foetidus
1018 3774 1181 3838 generandis
1193 3774 1292 3824 idonea

161 3843 223 3892 dum
237 3841 268 3891 de
281 3842 356 3892 rebus
370 3843 480 3908 publicis
496 3842 527 3891 ad
549 3842 616 3907 ipsos
630 3843 708 3907 perti·
743 3845 892 3909 sornaaoit.
924 3843 978 3893 Sed
994 3859 1107 3909 parvum
1123 3844 1205 3907 dicit,
1226 3848 1291 3911 paria

162 3910 296 3961 uentibus.
317 3910 371 3962 Cir.
387 3911 443 3961 liv.
458 3909 514 3972 XL,
529 3911 571 3972 37,
591 3908 648 3972 vti,
666 3913 705 3975 15,
752 3928 833 3962 tiniam
864 3915 995 3962 dominam
1018 3915 1154 3978 primitus
1172 3913 1289 3977 sederit,

163 3978 288 4041 XXXW,
306 3982 329 4041 i,
343 3978 450 4031 Tertull.
467 3979 540 4044 Apol.
556 3980 599 4041 37,
615 3978 705 4029 isidor.
750 3986 798 4046 qui
818 3984 845 4029 dn
865 3986 921 4031 suis
937 3985 1055 4048 prestaria
1068 3983 1290 4048 miritipiiaandus

163 4046 236 4113 (trip.
252 4046 310 4099 XV.
326 4047 359 4098 2:
380 4049 449 4115 ruga
466 4053 532 4098 staret
550 4054 615 4113 apin
636 4049 707 4098 aedi·
750 4057 925 4115 augmentum
938 4055 1071 4115 reciperet
1083 4051 1117 4113 pl.
1133 4066 1158 4100 a.

155 4119 234 4179 ficiis
249 4118 307 4167 loca
322 4121 394 4167 inter
411 4133 494 4182 agros
510 4118 704 4166 habitantibus.
801 4119 849 4168 lit
864 4136 902 4186 sq.
917 4125 989 4171 aeris
1001 4117 1109 4184 readerc]
1124 4135 1167 4168 aes
1182 4117 1290 4166 nondum

164 4186 236 4236 Haec
256 4193 285 4236 ct
307 4187 486 4236 conciliabuta
509 4186 584 4235 dicta
605 4202 622 4236 a
643 4201 706 4235 con·
747 4202 835 4252 purum
856 4196 951 4253 putum.
978 4188 1043 4238 deii.
1063 4188 1129 4236 male
1146 4185 1288 4236 coniertP.

163 4262 245 4304 mtu
275 4261 304 4305 et
332 4259 462 4306 annotate
498 4255 647 4305 nautiorum
677 4258 705 4305 in
748 4254 779 4318 ll,
796 4257 843 4305 19⁰
858 4258 1049 4321 rudera‚qune
1063 4264 1122 4305 sunt
1135 4255 1289 4319 lapicidinae

164 4338 255 4373 unum
746 4327 787 4375 vel
801 4328 915 4378 metalla.

233 4429 367 4477 nnuman
378 4431 523 4477 mamni.
1061 4408 1081 4471 8
