2842 4808
501 249 578 302 ΑΗΒ.
593 247 771 303 inundarit
786 249 888 302 ctitu.

393 440 460 514 ipse
475 453 545 500 euru
562 443 689 516 portans
705 453 785 500 onus
804 437 975 514 inpeditum

371 597 374 604 .
391 534 532 608 corporis
547 533 641 594 durus
657 532 769 594 tuleris
785 532 920 606 iabores,

390 628 490 688 inetur
505 626 656 701 exemplis
674 625 956 686 lamulnsremisso
1054 672 1057 677 .

558 718 702 794 dogrnate
721 716 839 794 palpas.
1056 782 1059 786 ,

392 809 484 874 Ncna
502 813 693 874 suburissuni
709 815 792 873 rotat
805 811 882 872 bora
899 811 996 872 selein

392 907 535 982 partibus
549 905 680 966 vixdum
697 907 797 968 tribus
813 904 961 980 evolutis,

338 1049 339 1052 ,
392 1003 502 1075 nirenta
520 999 640 1059 devexo
657 1001 801 1073 superest
815 998 847 1058 in
864 1013 924 1058 axe

557 1092 659 1167 portio
675 1092 766 1152 lucis.

391 1182 460 1245 Nos
477 1186 579 1246 brevis
595 1186 659 1261 voti
676 1185 753 1261 dape
769 1183 926 1246 uindicata

393 1281 544 1343 solvimus
561 1282 676 1343 testum
692 1275 890 1356 fruimurque
905 1283 1040 1359 niensis

394 1376 522 1437 adlatiru
538 1377 650 1452 plenis,
669 1377 781 1452 quibus
797 1376 947 1438 inbuatur

560 1484 656 1546 prona
675 1470 831 1545 vuluptes.

394 1559 516 1640 Tantus
532 1565 650 1625 aeterni
669 1565 758 1625 lavor
773 1567 822 1624 est
837 1564 994 1642 magistri,

396 1659 505 1721 doctor
520 1660 686 1736 indulgens
701 1661 746 1721 ita
762 1674 820 1721 nos
837 1662 936 1721 arnico

397 1753 494 1814 lactat
509 1756 646 1830 hortatu,
666 1754 744 1815 levis
760 1754 926 1830 obsequela
943 1757 978 1816 ut

561 1847 697 1922 mulceat
712 1852 812 1909 artus.

397 1944 492 2006 Addit
507 1948 549 2021 et,
569 1960 607 2006 ne
624 1945 695 2020 quis
711 1944 788 2004 velit
804 1944 971 2004 invenusto

397 2040 543 2101 sordidus
559 2041 647 2102 cultu
663 2041 802 2101 lacerare
819 2041 965 2115 irentem,

399 2136 455 2197 sed
471 2136 567 2197 decus
582 2136 689 2197 vultus
706 2136 879 2210 capitisque
894 2148 1007 2211 pexuni

564 2235 668 2291 cernat
681 2231 841 2292 bonorem.

397 2320 501 2399 Terge
516 2324 672 2398 ieiunans,
690 2323 746 2400 ait,
765 2338 860 2384 diune.
871 2336 996 2398 ceipuS,

402 2434 481 2480 nere
497 2420 650 2481 subducte
667 2419 776 2479 faciem
794 2420 908 2479 rubore

349 2598 351 2602 .
402 2518 506 2579 luteus
522 2519 623 2594 tingat
639 2507 795 2611 coierent
810 2506 937 2578 nctetur
973 2525 976 2530 “

567 2613 713 2690 patierin
732 2627 797 2676 dre.

296 2678 299 2684 ⁵
401 2702 531 2767 Rectius
548 2706 629 2767 laete
645 2707 781 2783 tegimus
797 2704 925 2781 pudure,
987 2745 990 2751 -

151 2817 184 2868 so
401 2803 548 2878 quidquid
565 2804 602 2863 ad
619 2804 737 2865 euitunr
751 2799 857 2864 Patris
874 2802 1058 2863 exhibemus
1069 2825 1087 2871 :⁴

199 3040 200 3044 ’
222 3029 247 3077 5.
267 3042 327 3075 eum
337 3030 437 3091 portas
450 3040 481 3088 a,
501 3032 674 3090 comperiens
693 3024 723 3077 ii.
738 3024 808 3095 [cu.
823 3025 880 3090 vit,
903 3025 950 3076 ida
971 3029 1162 3077 comminceem
1176 3025 1216 3092 ιι].

154 3098 179 3147 6.
201 3096 311 3146 toleras.
452 3096 476 3143 i.
489 3094 611 3158 samuelis
625 3097 655 3144 A.
782 3096 823 3146 13.
842 3094 982 3148 vendicata
996 3095 1003 3143 i
1019 3093 1146 3145 uWeitz.
1161 3097 1223 3160 (nen
1238 3097 1279 3159 it),

154 3165 309 3216 vendicatae
328 3164 338 3213 i
355 3161 413 3212 liet.
433 3161 499 3227 [Cir.
520 3161 573 3224 vti,
589 3163 659 3228 1881.
837 3165 877 3213 16.
897 3163 1024 3212 uertuntur
1038 3163 1057 3213 ii
1072 3162 1107 3214 W
1119 3179 1210 3231 supra.

190 3234 230 3284 19.
251 3234 306 3282 terri
317 3232 469 3297 obsequella
484 3230 527 3295 W,
547 3232 613 3282 leuis
632 3238 662 3281 ut
675 3234 783 3297 sequela
796 3249 828 3295 e,
847 3232 993 3298 obsequella
1014 3232 1025 3282 1
1041 3233 1063 3283 Α
1077 3232 1115 3296 Ε;
1134 3240 1167 3283 ut
1178 3235 1211 3285 ad
1225 3249 1278 3300 seq.

153 3319 222 3354 vers.
237 3303 344 3352 trahunt
356 3317 370 3367 p
384 3317 409 3350 ιι.
549 3302 592 3352 21.
611 3305 638 3351 in
652 3307 759 3352 vetusto
773 3302 792 3352 Η
807 3315 884 3366 supra
898 3301 943 3350 att.
1083 3301 1126 3352 22.
1147 3303 1279 3355 sordibus

156 3371 212 3424 Gis.
228 3371 255 3434 l;
274 3372 377 3421 cultum
390 3369 447 3422 nid.
464 3367 546 3433 Lugd.
652 3372 695 3420 23.
711 3372 847 3438 plexumi
861 3369 937 3433 Pras.
1043 3370 1085 3423 id.
1106 3372 1193 3423 letum
1207 3389 1235 3424 a.

206 3580 231 3630 8.
245 3566 359 3646 papas]
373 3578 468 3628 leviter
480 3579 579 3639 tangis,
596 3576 696 3626 leniter
792 3579 832 3628 ii.
846 3574 966 3642 sectum]
980 3574 1040 3629 vid.
1054 3574 1111 3640 vti,
1125 3579 1150 3628 t.

157 3655 274 3707 tractes,
281 3650 373 3710 seua,
389 3646 519 3699 blandiris
533 3644 583 3696 lso.

208 3717 234 3766 9.
252 3713 344 3781 Nona]
359 3713 463 3764 Noctem
478 3715 503 3764 in
518 3715 622 3777 vigilias
634 3729 697 3780 que·

157 3791 230 3846 tuor,
256 3784 329 3833 diem.
344 3798 358 3832 ιι
375 3783 439 3853 selis
457 3791 513 3832 ortu
532 3784 563 3833 ud
577 3799 696 3834 occasum

157 3867 237 3919 usque
260 3852 284 3901 iu
305 3858 413 3915 quatuor
431 3859 517 3916 partes
537 3853 695 3914 dividebant,

158 3923 255 3988 prima,
269 3921 345 3970 tertia
354 3957 362 3981 ,
381 3927 469 3982 sexta,
492 3936 556 3970 nona
572 3924 631 3972 bora
645 3922 698 3971 sin-

157 3992 231 4056 gulas
242 3990 405 4041 exordientes
423 3996 498 4053 atque
512 3999 695 4055 nuncupantes.

158 4061 237 4111 Nona
259 4059 339 4124 igitur
361 4058 420 4107 burc
443 4065 482 4107 est
504 4060 619 4109 secunde
641 4067 698 4125 post
794 4059 834 4108 19.
854 4059 943 4115 lactat
959 4055 1083 4124 hortatu]
1104 4056 1160 4108 cu.
1180 4057 1212 4108 b.
1233 4059 1283 4109 613

158 4128 307 4191 meridiem,
334 4128 439 4177 inverno
461 4133 572 4191 tempore
595 4126 695 4193 prime.
740 4128 1283 4193 laciantibrrsberie‚illdogmateeesci.

159 4193 377 4248 Vindunita.
393 4195 438 4254 lll,
453 4196 477 4258 2,
493 4193 582 4246 ldcler.
598 4196 699 4260 „Lebin-
740 4225 773 4234 -
786 4196 862 4261 leuis]
878 4195 968 4247 barti.
987 4199 1027 4259 lt,
1042 4197 1084 4246 29.
1112 4196 1149 4248 lle
1163 4212 1218 4263 sqq.
1234 4195 1283 4247 cir.

160 4265 225 4315 buch
235 4267 281 4316 der
293 4265 483 4330 Cbrcnclegie“
498 4265 550 4315 tub.
566 4263 599 4314 ii.
741 4263 831 4318 Matri.
846 4267 872 4328 d,
888 4266 928 4316 id.
946 4267 985 4316 li.

792 3681 833 3730 is.
854 3678 991 3745 uoluptas]
1012 3679 1164 3746 Implentur
1175 3680 1279 3798 (ames,

739 3765 818 3814 quam
834 3748 986 3799 evacuando
1004 3752 1128 3814 sequitui·
1143 3764 1176 3798 ee
1190 3754 1280 3816 uptus,

740 3834 800 3867 eum
828 3821 887 3882 ipsa
918 3817 1036 3867 dolorem
1060 3820 1153 3882 petius
1183 3821 1283 3885 afferat

739 3889 831 3950 interp.
854 3884 932 3935 Nebr.
959 3885 1022 3936 lline
1041 3886 1132 3936 decern
1152 3887 1281 3953 voluptas,

740 3964 768 4006 ut
781 3947 939 4022 εὐφροσύνη
951 3956 1008 4006 Aet.
1026 3956 1066 4019 it,
1082 3956 1123 4005 it.
