2842 4808
502 267 578 319 itud.
593 262 776 319 PRUDENTii
790 267 893 319 cndu.

437 456 546 516 credas
562 455 691 517 venenis
706 456 823 518 ebriam

435 547 580 613 Furiisve
594 550 786 626 lymphatam
802 552 879 626 rapi.

478 641 559 726 Quid
576 659 674 721 orona
689 659 744 720 ocr
767 645 870 706 sceios
887 646 974 706 ruis?

435 751 580 814 agnosce,
598 739 625 798 si
638 739 808 814 quidquam
824 739 880 799 tibi

435 835 546 896 mentis
562 835 678 895 resedit
693 833 845 909 integrae,

435 929 544 989 ducem
560 932 685 989 tuorum
701 927 885 1003 principum.

477 1023 579 1099 Hunc,
598 1038 689 1099 quem
706 1023 825 1085 latebra
840 1027 871 1083 et
886 1023 1038 1084 obstetrix

434 1121 464 1177 ct
480 1117 570 1192 virgo
587 1115 650 1176 ieta
666 1119 697 1175 ci
713 1114 846 1176 cunulae

436 1215 467 1272 et
482 1210 626 1272 inbecilla
640 1210 773 1271 infantia

433 1321 539 1383 regem
554 1307 705 1368 dederunt
719 1307 877 1382 gentibus,

478 1405 622 1478 peccator
636 1402 808 1465 intueberis

435 1496 553 1575 celsum
571 1498 711 1559 coruscis
728 1496 872 1570 nubibus,

435 1592 574 1653 deiectus
590 1592 656 1666 inse
672 1595 704 1652 ct
719 1592 833 1653 iuribus

435 1683 585 1760 plangens
601 1687 722 1746 reatum
737 1683 878 1745 iictibus:

475 1776 555 1842 Cum
572 1783 662 1840 vasta
677 1780 802 1856 signum
819 1780 930 1842 bucina

438 1875 532 1935 terris
548 1873 722 1937 cremandis
738 1873 871 1948 miserit,

436 1975 467 2031 et
483 1971 602 2032 scissus
618 1970 688 2030 axis
703 1970 861 2031 cardinem

436 2069 541 2129 mundi
558 2067 681 2130 ruriciis
702 2066 849 2127 sciverit:

480 2159 617 2238 insignis
634 2162 700 2236 ipsc
716 2165 747 2222 ct
762 2162 959 2237 praeminens

436 2257 556 2318 rueritis
572 2257 721 2332 rependet
739 2270 890 2331 congrua,

436 2352 484 2413 iiis
500 2352 580 2413 iucis
597 2362 689 2414 usum
705 2351 850 2427 perpetis,

435 2449 498 2511 iilis
513 2450 687 2526 gebennam
703 2453 735 2510 ct
751 2453 913 2510 tartarum.

480 2543 594 2608 iudaea
609 2550 685 2607 tunc
700 2546 818 2607 iuimcn
835 2546 938 2607 crucis

435 2644 575 2716 experta,
594 2641 715 2715 quisti,
734 2639 863 2712 senties,

434 2751 524 2812 quem
541 2740 572 2796 tc
590 2736 705 2798 brroris
721 2736 864 2811 praesule

436 2845 519 2891 mors
536 2831 640 2891 bausit
656 2834 773 2914 eilmox
793 2828 935 2890 reddidit.

210 3052 242 3100 oi
274 3052 461 3114 Furiieqncn3
487 3052 633 3117 tyrocinium
652 3052 711 3101 Aa.
892 3051 934 3099 96.
952 3052 1102 3115 principem
1122 3051 1271 3099 coniectare

143 3118 256 3169 dreani.
431 3119 473 3168 bi.
494 3120 600 3168 latebra
614 3125 640 3169 et
652 3121 787 3170 obstetrix
800 3120 820 3168 0
836 3119 855 3169 ii
868 3118 911 3168 '1¹2
921 3134 955 3167 rr.
975 3134 992 3166 n
1006 3117 1093 3166 Heius.
1109 3117 1173 3166 deii.
1189 3116 1268 3172 bob..

143 3189 247 3238 latebra
267 3188 403 3238 obstetrix
422 3190 441 3238 Α
457 3186 476 3236 Ε
493 3188 536 3237 Po
547 3226 554 3250 ,
582 3189 704 3239 latebrae
722 3194 751 3239 et
768 3189 903 3238 obstetrix
926 3187 978 3253 (vei
1002 3187 1146 3248 obstetrix)
1165 3203 1183 3234 α
1196 3186 1211 3236 b
1224 3188 1233 3235 i
1246 3200 1269 3236 m

143 3257 201 3307 iiii.
217 3257 297 3322 Lngd.
313 3256 381 3308 Sieir.
392 3264 445 3307 ires
459 3255 535 3307 Febr.
551 3255 604 3307 Gis.
621 3256 717 3307 Weiiz.
739 3257 817 3306 conr.
839 3256 921 3306 Pnett.
938 3262 1032 3305 Amstr.
1047 3256 1139 3317 Areu,
1166 3255 1272 3305 latebre

145 3328 275 3377 creterris
288 3343 311 3392 q.
462 3326 502 3376 98.
525 3327 648 3376 rurnniae
664 3330 672 3375 1
686 3343 718 3390 α,
740 3327 847 3376 curnula
861 3324 930 3374 soei.
940 3333 1001 3374 tres.
1162 3325 1221 3373 1011,
1243 3324 1269 3374 in

143 3397 283 3461 exemplari
296 3395 469 3460 bongarsieno
481 3397 520 3445 bic
534 3397 625 3446 ieenna
635 3402 685 3458 est,
699 3397 806 3461 ideoque
820 3394 901 3445 isonis
911 3395 1014 3459 giossae
1028 3393 1062 3442 ibi
1076 3392 1269 3443 desiderantur.

144 3465 228 3531 Quare
247 3481 336 3516 aarum
356 3480 449 3532 pauens
470 3466 501 3514 ad
522 3464 640 3532 hymnum
662 3474 807 3531 sequentem
828 3463 960 3514 Weiiziua
986 3463 1141 3527 deprompsit
1158 3476 1190 3511 ex
1211 3463 1268 3512 cod.

143 3534 239 3585 Widm.
393 3536 449 3584 iob.
464 3538 567 3584 inritus
580 3534 644 3583 ubi.
660 3550 693 3584 ex
708 3536 728 3585 ii
741 3533 777 3596 it,
796 3533 838 3583 ubi
853 3536 954 3583 irritus
969 3538 1074 3581 notente
1087 3531 1178 3595 ieepio.
1199 3526 1269 3596 [Cir.

144 3607 199 3652 cod.
215 3602 286 3654 Cort.
301 3605 331 3652 ed
347 3604 442 3654 Lneun.
459 3603 501 3666 it',
517 3601 573 3670 ii].
592 3607 684 3669 irritis
699 3603 776 3652 Lanr.
791 3619 809 3651 α
822 3618 836 3651 e
851 3602 866 3652 b
880 3602 888 3650 i
901 3617 923 3650 m
937 3616 952 3665 q
966 3617 998 3663 n,
1017 3603 1108 3650 irritis
1121 3599 1162 3649 vei
1175 3603 1271 3650 inrn'tr'r

144 3672 225 3736 reiqq.
240 3673 329 3736 scripti
345 3681 371 3722 et
383 3673 441 3724 edd.
595 3674 653 3724 ib5.
675 3672 740 3721 Eum
755 3672 773 3720 i.
914 3671 970 3718 idi.
990 3675 1076 3719 sciero
1089 3686 1150 3718 soce.
1167 3672 1195 3717 Α.

189 3741 246 3789 lib.
263 3742 387 3804 rependit
401 3741 429 3791 ii.
572 3741 630 3791 iii.
648 3745 782 3805 perpetem
797 3738 855 3791 uec.
871 3756 894 3789 m
908 3756 933 3789 n.
1077 3739 1135 3787 112.
1157 3743 1270 3788 terim

146 3810 185 3857 loe
198 3805 299 3874 [Formo
312 3809 418 3874 piurniis
431 3809 676 3861 Prudentianissime
690 3808 799 3858 videtur.
816 3808 869 3858 Cir.
879 3810 910 3858 Α.
921 3809 978 3860 rio.
996 3807 1026 3857 V.
1040 3809 1096 3858 133.
1112 3808 1139 3856 S.
1151 3805 1169 3867 i,
1178 3803 1234 3872 16].

175 3911 178 3916 -
225 3877 282 3926 113,
303 3893 374 3925 roure
387 3893 410 3942 q.
554 3879 611 3929 iii.
632 3882 692 3942 quis
706 3879 720 3926 b
733 3893 748 3943 q
761 3883 821 3935 (non
836 3877 936 3938 Lour.),
957 3878 1025 3944 quid
1036 3893 1051 3927 e
1064 3877 1164 3926 Erasm.

165 3946 222 3995 115.
239 3945 362 4010 praen'de
382 3944 458 3995 Fabr.
480 3945 550 3997 Sieb.
570 3962 610 4013 ap.
632 3948 708 3997 Aren.
730 3954 813 3996 notam
826 3947 943 4011 opposuit
965 3946 1050 3997 Vetus
1063 3945 1270 4010 exemplariter

143 4012 285 4079 praesule,
304 4012 491 4079 sederenius
505 4015 634 4077 babebat,
654 4014 728 4080 quod
749 4015 894 4064 Prudentia
914 4019 1004 4080 mugit
1023 4019 1145 4067 conuenit
1159 4014 1205 4064 red
1218 4012 1268 4072 cir.

145 4083 176 4147 V,
191 4082 232 4135 83.
362 4084 431 4144 116.
453 4087 527 4134 ausit
539 4099 570 4148 q3
590 4091 616 4134 et
628 4100 701 4134 mors
715 4083 813 4134 Erasm.
829 4099 876 4133 non
891 4083 967 4134 Fabr.

202 4293 258 4341 idi.
275 4289 417 4357 peccator]
433 4289 579 4339 iudaeorum
591 4304 662 4351 gene.
