2842 4808
500 266 577 319 uuit,
592 266 773 320 PRUDENTH
788 268 890 322 ctum.

431 453 481 513 oui
497 453 605 517 suhter
621 456 699 517 artis
715 456 857 519 iauoihus

433 551 587 626 singultat
602 552 682 614 untia
700 558 732 614 et
745 553 872 615 halitus.

478 644 604 712 Salvete
619 650 712 713 ilores
727 655 910 726 martyrum,

432 756 510 817 quos
526 742 605 805 lucis
621 744 689 821 ipso
704 744 736 806 ln
753 744 859 806 limine

433 829 550 897 Christi
566 837 727 899 insecutor
741 837 882 912 sustulit,

430 944 488 991 oeu
502 930 596 993 turho
612 936 777 994 nascentes
792 946 897 993 rosas:

479 1020 543 1085 Vos
559 1026 656 1101 prima
673 1021 793 1089 Christi
810 1026 944 1093 victima.

434 1131 515 1192 grex
530 1117 748 1181 inmolatorum
765 1123 865 1192 tener,

433 1225 520 1272 aram
536 1214 609 1272 ante
624 1211 723 1289 ipsam
739 1212 895 1289 simplices

431 1304 531 1381 palma
547 1309 579 1367 et
594 1307 719 1369 coronis
735 1307 854 1370 iunius.

477 1395 558 1478 Quid
574 1403 697 1477 proicit
712 1405 832 1464 tantum
850 1403 950 1475 nelas,

432 1495 505 1570 ouili
521 1498 639 1559 crimen
654 1497 808 1560 Herodem
828 1497 934 1559 iuvat?

437 1588 524 1657 Unus
539 1595 588 1652 tot
603 1592 684 1653 inter
702 1593 812 1654 itinera

432 1686 547 1762 inpune
563 1678 710 1746 Christus
727 1684 858 1747 tollitur.

479 1775 564 1840 inter
579 1778 686 1839 coaevi
703 1778 869 1855 sanguinis

432 1875 549 1936 liuenta
564 1873 651 1935 solus
668 1874 789 1950 integer

432 1971 561 2047 ierrum,
579 1968 661 2046 quot
676 1968 806 2031 orhahat
821 1984 930 2042 nurus,

432 2068 541 2140 partus
557 2062 669 2125 ieielllt
685 2061 830 2138 virginis.

477 2154 530 2220 Sic
545 2157 644 2219 stulta
657 2154 830 2218 Pharaonis
846 2157 919 2218 mali

431 2255 534 2315 euicta
548 2253 703 2330 quondam
720 2253 845 2328 lugeret

435 2343 553 2410 Christi
570 2348 701 2423 liguram
718 2345 898 2421 praeferens

431 2440 579 2519 Moyses,
597 2444 740 2517 receptor
755 2441 882 2503 civium.

477 2536 614 2603 Cautum
629 2542 661 2601 et
675 2541 827 2600 statutum
844 2540 895 2600 lus
911 2543 990 2613 erat,

434 2651 494 2712 quo
510 2649 570 2697 non
588 2633 698 2696 liceret
712 2634 876 2710 matrlhus,

433 2745 503 2791 oum
520 2731 640 2807 pondus
655 2729 718 2792 alvi
734 2730 944 2804 absolverent,

212 2903 268 2953 lta,
290 2906 364 2950 ortes
378 2903 413 2960 Α,
434 2905 505 2950 areis
520 2901 577 2951 ult.
594 2900 672 2966 bugd.
764 2902 821 2951 126.
842 2901 942 2950 lumine
957 2901 1003 2949 la.
1106 2900 1161 2951 131.
1178 2904 1263 2952 Aram

139 2978 204 3021 onte
218 2975 305 3033 ipsam
317 2974 338 3019 Α
351 2968 372 3018 E
386 2968 406 3017 Η
421 2968 452 3018 W
472 2968 547 3018 Geloi.
569 2969 624 3020 rut.
646 2986 664 3017 α
676 2983 692 3017 ι
706 2969 720 3018 h
734 2971 741 3018 l
755 2984 778 3018 m
792 2985 806 3034 q
826 2970 883 3018 alt.
905 2966 984 3031 nugo.
1007 2969 1076 3018 stet.
1092 2975 1145 3019 tres
1166 2968 1261 3021 Weitz.

139 3042 215 3088 ilhor.
233 3039 313 3088 Poett.
331 3037 418 3087 lleins.
434 3037 498 3087 eali.
515 3040 592 3089 Aren.
608 3036 672 3087 0bb.
698 3036 760 3101 [cir.
777 3037 807 3087 ll.
823 3036 901 3102 354],
927 3039 1012 3088 Aram
1025 3043 1087 3087 onte
1100 3044 1127 3087 ot
1140 3043 1228 3104 thaam
1248 3056 1264 3090 u

140 3107 234 3171 Febr„
255 3111 343 3172 ipram
356 3111 384 3154 oi
395 3109 475 3171 simp.
488 3105 527 3161 Ε.
555 3109 639 3158 Aram
651 3109 700 3156 suh
714 3110 801 3168 ipsam
819 3105 937 3156 Torreni.
954 3115 980 3156 at
992 3105 1089 3156 Conoh.
1109 3123 1142 3157 ex
1155 3108 1260 3171 Apocal.

139 3177 182 3240 Vl,
196 3178 234 3240 9.,
252 3177 337 3227 Aram
350 3179 413 3225 anis
425 3177 502 3224 ouius
515 3173 614 3226 Erasm.
630 3174 685 3225 Gis.
699 3175 793 3225 Anrsir.
910 3175 966 3225 132.
988 3191 1087 3226 corona
1100 3193 1133 3239 a,
1147 3178 1178 3226 sd
1193 3193 1263 3228 oram

139 3246 176 3296 al.
191 3248 313 3307 aaronis,
329 3245 394 3308 quoti
408 3244 468 3294 exh.
483 3244 563 3310 requ.
579 3244 660 3294 nostri
672 3244 762 3310 scripti
775 3247 813 3303 (ei
825 3243 916 3304 Lanu)
930 3259 986 3294 cum
999 3244 1058 3294 edd.
1132 3246 1190 3295 133.
1206 3245 1264 3312 Quo

140 3313 231 3381 Msp.
248 3313 349 3375 Heius.)
368 3311 489 3363 TAmhr.
511 3312 568 3366 Ριιῑ.
594 3312 843 3376 hausissent,
870 3313 923 3377 Qui
942 3312 1008 3376 Ea,
1035 3314 1105 3378 Quid
1123 3313 1201 3364 Lanr.
1223 3315 1264 3365 2ο

138 3385 310 3435 comestoris.
325 3380 397 3450 [vio.
412 3380 482 3432 Cort.
498 3382 529 3432 ad
543 3382 604 3433 Lno.
620 3381 640 3446 l,
655 3381 725 3448 osi}
857 3383 913 3433 135.
934 3383 983 3432 Hie
995 3398 1064 3432 untes
1078 3383 1263 3447 interfusam

139 3470 163 3504 n.
306 3453 364 3503 136.
387 3449 497 3502 Ultimus
509 3460 549 3503 est
563 3451 653 3519 Hymni
667 3466 757 3502 versus
769 3453 795 3502 in
808 3466 846 3513 m,
867 3450 938 3501 loliis
952 3452 1049 3517 aliquot
1062 3452 1168 3503 avulsis.
1183 3451 1263 3504 Varis

139 3531 223 3573 antem
238 3523 313 3573 lectio
327 3521 359 3572 ab
371 3521 481 3571 Arevelo
494 3521 575 3572 allata
588 3521 618 3571 sd
634 3520 678 3570 lii
695 3528 736 3572 est
747 3521 844 3572 codicis
858 3535 881 3570 s.
990 3522 1048 3571 140.
1070 3521 1182 3571 Parium
1198 3525 1228 3573 Α.

211 3592 269 3641 ill.
289 3591 405 3656 qeradom
420 3591 435 3640 3
449 3589 506 3642 Pnt.
660 3591 717 3640 145.
736 3596 843 3641 statum
856 3605 888 3652 ιι;
906 3593 949 3639 ius
961 3596 1023 3640 erat
1037 3588 1056 3638 lt
1071 3589 1156 3640 hmhr.
1172 3589 1230 3642 rut.
1246 3607 1264 3640 α

139 3661 182 3709 ab
202 3660 290 3710 ilsins.
312 3659 378 3709 eeu.
399 3660 476 3709 Arev.
497 3659 583 3721 0hh.‚
609 3661 728 3709 iusserat
744 3658 822 3710 Lsnr.
838 3660 845 3708 i
859 3674 903 3724 qn
921 3674 977 3709 enm
994 3658 1089 3709 ceteris
1106 3658 1163 3709 nlo.
1180 3658 1263 3725 tagl.

139 3728 210 3777 slot.
222 3736 275 3778 tres
288 3726 363 3778 Fahr.
388 3728 443 3777 Gis.
459 3727 555 3778 Wsitz.
577 3726 653 3778 Chor.
669 3726 753 3777 Ponit.
769 3728 881 3791 Amin,
903 3729 1005 3780 Cautus
1023 3733 1131 3779 statuto
1144 3731 1264 3780 sunem

139 3795 206 3846 coni.
222 3795 317 3846 cruci.
441 3797 499 3847 146.
521 3798 602 3861 ΟιιίΑ
619 3795 678 3847 iti.
810 3798 866 3846 tii.
888 3799 1054 3849 absolverint
1065 3813 1096 3858 u,
1111 3798 1264 3849 absolveret

139 3864 255 3915 mendum
269 3864 326 3914 Ain.
341 3863 422 3926 Lngd.
438 3863 507 3915 stet.
517 3873 569 3915 tres
584 3865 658 3916 Fahr.
674 3864 752 3915 Cher.
769 3864 849 3915 Poett.

194 4018 251 4069 131.
270 4032 348 4068 aram
367 4023 430 4068 nata
447 4018 545 4085 ι’]ιεαιιι]
566 4019 682 4070 sinoeli·
777 4019 834 4069 144.
864 4015 998 4084 receptor]
1025 4018 1170 4081 liberator,
1198 4022 1264 4086 quia

139 4089 211 4139 sione
230 4095 258 4138 ni
279 4089 349 4137 hona
368 4090 458 4137 omnia
478 4086 507 4136 ll.
532 4089 592 4149 333,
619 4088 680 4138 Hor.
723 4091 823 4154 recepit
846 4087 950 4137 sordem
975 4086 1007 4136 da
1030 4092 1161 4137 seruitute
1185 4089 1222 4151 gl.
1237 4103 1263 4139 a.

139 4158 186 4206 nd.
202 4156 221 4220 l,
238 4157 292 4217 1,2
315 4156 335 4206 0
355 4160 384 4206 et
401 4155 583 4222 praesidium,
607 4157 678 4219 Virg.
725 4157 828 4222 Eutrop.
845 4153 919 4219 lx,9
939 4155 969 4204 de
989 4155 1126 4205 Aureliano
1141 4162 1267 4223 receptor

138 4226 201 4275 Aen.
226 4227 273 4289 10,
298 4225 328 4275 13
353 4230 483 4291 apator,
509 4239 523 4274 o
544 4228 679 4274 hominum
724 4228 839 4276 orientis
852 4224 1060 4288 occidentisque.

139 4294 215 4345 solito
229 4295 253 4345 in
268 4294 316 4346 bns
330 4294 445 4345 interiee.
462 4293 542 4345 histo.
