2842 4778
570 244 646 298 tbtt.
662 245 842 300 rndbbttrtt
856 247 957 300 ctbtt.

417 429 520 493 Pubes
536 433 610 508 quin
627 433 720 494 ettam
737 433 860 494 decolor
875 434 995 509 asperis

375 526 502 586 inritata
517 526 596 586 odiis
611 540 686 602 rege
701 527 759 588 sub
775 527 857 602 inpio

375 618 557 682 Hebraeum
572 622 683 682 sitiens
700 622 829 683 brridere
845 624 1027 698 sanguinent

374 716 467 776 audet
482 730 516 776 se
532 716 642 792 pelago
657 718 783 778 credere
799 733 953 778 concavo:

418 811 504 871 ibant
519 813 678 887 praecipiti
695 813 818 874 turbine
832 814 951 887 percita

376 905 488 967 ductus
504 920 560 981 per
575 907 692 968 medios
707 908 831 984 agmina
846 909 944 984 regia,

375 998 428 1059 sed
445 999 576 1060 contusa
591 1000 701 1062 dcbinc
716 1001 797 1062 unda
814 1001 986 1062 revolvitur

375 1096 407 1155 in
420 1098 519 1155 semet
530 1096 674 1157 revolans
687 1097 816 1173 gurgite
827 1096 959 1158 contluo.

419 1183 540 1250 Currus
557 1192 631 1251 tunc
647 1195 679 1252 et
694 1206 790 1266 equos
806 1190 928 1265 telaque
944 1191 1095 1267 naufraga

375 1285 460 1359 ipsos
477 1289 508 1344 et
522 1300 667 1360 proceres
684 1289 715 1345 et
730 1299 809 1360 vaga
825 1298 955 1359 corpora

377 1379 537 1453 nigrorum
553 1380 660 1439 videas
675 1393 750 1440 nare
766 1377 950 1454 satellitum,

375 1473 457 1532 arcis
474 1472 629 1534 iustitium
646 1472 737 1532 triste
752 1471 946 1546 tyrannicae.

420 1559 508 1644 Quae
523 1564 647 1626 tandein
662 1567 776 1640 poterit
791 1565 899 1640 lingua
913 1567 1056 1625 retexere

377 1658 485 1720 laudes
502 1655 627 1722 Clirtste
642 1663 734 1722 tuas?
750 1660 802 1735 qut
818 1659 965 1719 domitam
980 1655 1101 1720 Pharon

376 1753 476 1829 plagts
492 1755 682 1816 multimodis
698 1755 808 1815 cedere
829 1752 964 1829 praesuli

376 1849 464 1924 cogis
477 1850 617 1910 iustitiae
633 1849 754 1911 vindice
769 1849 909 1909 dextera.

420 1940 482 2025 Qui
495 1950 622 2020 pontum
638 1946 754 2022 rapidis
769 1945 908 2006 aestibus
927 1944 1045 2004 invium

378 2039 552 2114 persultare
567 2043 668 2114 vetas,
686 2044 722 2100 ut
737 2039 834 2100 reituo
850 2039 882 2099 in
898 2037 965 2098 salo

378 2148 509 2195 securus
525 2137 629 2209 pateat
645 2139 675 2194 te
691 2135 768 2194 duce
784 2135 948 2208 transitus,

377 2233 409 2290 et
423 2245 497 2290 mox
511 2231 595 2290 unda
611 2244 708 2305 rapax
725 2230 852 2290 devoret
867 2228 979 2302 inpios.

422 2317 482 2383 Cui
497 2322 602 2384 ieiuna
618 2323 712 2384 eremi
728 2336 805 2382 saxa
821 2321 1002 2396 loquacibus

378 2416 539 2477 exundant
553 2417 704 2478 scatebris
720 2419 751 2476 et
767 2416 877 2476 latices
894 2429 992 2476 novos

379 2511 483 2572 fundit
498 2512 597 2572 scissa
614 2512 705 2586 silex,
724 2525 804 2586 quae
819 2510 997 2571 sitientibus

377 2605 430 2668 dat
444 2609 550 2681 potum
566 2606 686 2687 populis
703 2620 762 2667 axe
777 2606 834 2667 sub
849 2605 954 2682 igneo.

413 2695 525 2762 -lnstar
540 2699 621 2762 tellis
638 2715 718 2776 aqua
734 2700 876 2761 tristitlco
891 2699 923 2759 in
939 2697 1010 2759 lacu

281 2891 323 2940 76,
348 2889 434 2955 refluo
454 2886 659 2951 drnaerag.
679 2888 725 2936 2α
738 2902 753 2937 a
766 2903 780 2936 o
794 2903 853 2954 pq,
880 2887 945 2952 quod
968 2886 1048 2937 luisse
1070 2887 1174 2936 videtur
1193 2886 1217 2936 io
1238 2885 1258 2936 li
1279 2889 1339 2954 (non

214 2959 315 3020 Lanu).
423 2957 463 3006 to.
479 2972 549 3006 naua
563 2972 638 3022 snpra
653 2956 712 3006 add.
728 2961 756 3005 in
771 2955 841 3020 lisa,
856 2962 949 3006 innare
962 2956 994 3020 b,
1012 2971 1089 3006 mare
1101 2974 1124 3006 o.
1242 2957 1283 3007 80.
1299 2961 1340 3005 iu·

213 3031 321 3077 atilium
335 3031 368 3075 ut
379 3025 437 3075 did.
452 3025 545 3089 Lugii„
565 3028 703 3074 inscitiam
718 3025 814 3074 Rartliii
828 3026 934 3074 membr.
1055 3027 1096 3075 81.
1113 3026 1232 3089 linguam
1245 3041 1268 3074 o.

265 3094 306 3144 82.
328 3095 462 3144 domitum
481 3095 531 3143 2li
552 3093 617 3145 BW
632 3093 704 3143 Gold.
727 3093 785 3143 lint.
801 3094 837 3143 bi
858 3093 937 3144 Gis!
957 3097 1016 3154 (non
1038 3094 1148 3159 Laur.);
1178 3094 1286 3144 Faraon
1305 3094 1340 3143 W

213 3163 300 3227 Gold,
320 3164 448 3213 Pdaraoa
463 3161 521 3213 liat,
536 3162 568 3225 b,
588 3163 679 3213 Faron
694 3165 713 3212 ti
728 3161 748 3211 Ε
762 3162 782 3211 Η
796 3162 814 3212 P
828 3166 889 3227 (non
902 3162 1006 3227 Leuc).
1157 3162 1199 3213 63.
1217 3164 1342 3227 praesidi

215 3233 290 3283 Febr.
307 3231 361 3282 Gis.
519 3232 560 3281 84.
581 3232 668 3281 iudice
681 3232 795 3282 dextera
808 3249 833 3282 o.
990 3232 1032 3281 85.
1043 3238 1139 3296 potum
1154 3232 1215 3296 (sic)
1234 3247 1290 3281 cum
1302 3232 1339 3297 gl.

213 3316 288 3352 mare
301 3315 331 3362 a;
361 3299 465 3351 rabidis
481 3301 492 3349 l
507 3299 528 3350 Α
541 3315 556 3350 a
567 3315 582 3366 p
595 3316 611 3366 q
624 3301 722 3350 Borthii
735 3316 781 3350 ms.
922 3302 963 3351 66.
992 3300 1151 3351 Persuleare
1173 3300 1248 3364 Prag.
1271 3299 1338 3364 Gis,

213 3371 380 3420 Persulteiro
396 3371 404 3418 1
417 3385 441 3419 a.
537 3370 578 3420 88.
601 3370 710 3420 deuoret
722 3372 743 3419 Α
756 3369 775 3420 Ρ
787 3387 802 3419 o
814 3386 830 3419 u
843 3370 902 3420 tttd.
918 3368 999 3432 Lupd.
1016 3368 1070 3420 Gis.
1087 3368 1132 3432 (od
1145 3374 1226 3431 orant)
1240 3368 1338 3420 Wcitz.

213 3438 277 3490 dib.
290 3477 297 3502 ,
317 3445 349 3489 ut
361 3445 437 3488 vorot
450 3445 510 3488 cett.
686 3438 727 3488 89.
750 3439 802 3504 Qui
813 3456 846 3501 u;
877 3442 935 3488 viae
948 3455 1019 3487 saxo
1032 3438 1090 3487 nid.
1104 3437 1185 3502 Lugd.
1201 3438 1272 3488 Sielv.
1288 3447 1340 3488 tres

212 3509 267 3558 Gis.
284 3508 292 3559 l
307 3507 382 3558 Cher.
394 3507 474 3558 Poett.
489 3509 601 3571 Amstr.;
620 3507 788 3558 madentibus
801 3508 856 3559 Gis.
871 3507 879 3557 l
893 3509 931 3571 (in
942 3513 1025 3568 textu)
1039 3505 1058 3557 F
1061 3506 1128 3570 abr,
1142 3508 1197 3557 scd.
1211 3508 1265 3558 vid.
1277 3507 1339 3558 Hor.

213 3576 441 3640 0d.lll,i³,15;
473 3577 624 3641 ldqaacibus
645 3577 713 3627 coni.
729 3577 816 3627 lleins.
836 3577 868 3626 ad
888 3578 938 3626 0v.
956 3573 1027 3626 ilem.
1048 3577 1132 3626 Amor.
1153 3592 1178 3624 v.
1194 3578 1240 3626 iit
1262 3592 1340 3642 oppu-

210 3638 305 3710 'gnonta
318 3644 383 3696 obt.
399 3648 429 3696 ad
444 3647 468 3695 i.
484 3646 501 3696 l,
656 3646 699 3696 di.
718 3651 788 3697 serbo
806 3645 864 3695 did.
880 3645 960 3709 Lugd.
977 3644 1091 3708 Weilz.;
1122 3661 1191 3710 quae
1204 3648 1341 3709 quiescen-

212 3717 323 3767 liboso.

246 3859 450 3928 80.iusiidium]
468 3860 547 3926 Apul.
572 3861 632 3915 Met.
648 3861 680 3913 V.
698 3863 753 3913 tim:
797 3861 895 3911 Pharon
921 3862 1029 3913 insulam
1056 3862 1229 3912 Alexandriae
1255 3863 1341 3928 proxi-

212 3932 287 3982 luctu
309 3933 417 3998 publico
442 3932 582 3996 confestim
605 3948 754 3997 congruens
797 3945 861 3980 mam
876 3931 1291 3998 intelligascompraeostatum,
1309 3947 1340 3981 ex

210 4001 343 4052 indicitur
361 4003 500 4050 iustitium
519 4000 548 4063 (i.
562 4016 585 4050 o.
601 4000 700 4065 quando
713 4001 754 4049 ius
797 4014 846 4065 qua
860 3999 929 4048 laces
950 4016 996 4066 par
1017 4008 1115 4050 noctem
1130 4016 1254 4052 accensae
1268 4001 1340 4050 navi-

211 4067 753 4133 dicendumsistttur)‚l¹ae.nnn.tter,
796 4068 914 4131 pontibus
944 4085 1044 4119 cursum
1076 4069 1228 4133 dirigebant.
1269 4067 1339 4120 Unde

210 4138 452 4190 briotnamdelorm.
473 4153 498 4204 p.
513 4139 579 4201 243,
605 4135 752 4188 liirclrman.
796 4138 985 4205 turrisetipsa
1002 4141 1271 4206 pdarosnuncupata.
1296 4139 1337 4188 nt.

210 4207 240 4259 da
255 4206 353 4258 iubebo.
369 4225 394 4274 p.
408 4209 467 4258 415.
796 4222 827 4256 a:
839 4212 903 4272 post
915 4214 1072 4259 enumerata
1087 4210 1214 4273 langneio
1227 4209 1263 4259 ad
1281 4210 1340 4258 lair-

263 4276 304 4326 82.
320 4277 451 4328 domitam
463 4273 585 4340 Phoron]
601 4274 751 4342 Aegyptum.
796 4276 855 4327 dem
868 4277 913 4328 dai
924 4294 952 4328 se
964 4279 1081 4344 cooperi.
