2842 4808
602 278 821 331 nPoTHuosls,

235 473 267 530 et
280 470 374 546 tacet,
392 469 425 530 ln
442 468 573 531 nihilum
589 470 734 544 quoniam
751 469 831 530 redit
845 481 938 528 omne
952 465 1094 543 politum.

233 558 321 643 Quod
339 562 406 624 lteri
421 563 543 638 recipit,
561 563 673 638 recipit
688 562 872 638 puandonue
886 560 999 636 perire.

300 654 333 721 Si
352 659 495 719 nostrum
510 660 620 718 contra
636 658 717 733 duod
734 657 787 731 sit,
805 657 855 717 vis
872 656 992 717 discere
1007 655 1169 731 templum,

232 753 283 812 est
298 738 388 824 illud,
406 751 487 826 quod
504 764 594 811 nemo
609 751 715 827 opliex
732 749 885 812 fabriliter
899 753 1010 826 aptans

232 845 407 923 conposuit,
425 846 507 922 quod
523 845 609 908 nullu
626 846 714 909 ables
730 846 862 921 pinusve
879 845 987 906 dolata·

232 943 346 1018 texuit,
365 943 471 1003 exciso
487 943 568 1018 quod
585 957 742 1019 nunquam
758 956 912 1003 marmore
926 941 1043 1002 crevit:

232 1038 323 1099 cuins
340 1050 421 1097 onus
437 1036 532 1097 nullis
549 1035 663 1097 lulium
679 1037 812 1098 sublime
828 1035 1003 1111 columpnis

232 1129 352 1192 lornice
367 1132 497 1190 curvato
513 1130 600 1191 tenui
616 1144 711 1205 super
725 1145 797 1191 arce
811 1130 973 1207 pependit:

235 1226 288 1286 sed
305 1226 399 1286 verbo
416 1225 532 1286 lactum
549 1222 686 1302 Domini,
705 1241 766 1287 non
783 1241 861 1287 voce
876 1239 1004 1299 sonora,

231 1322 283 1382 sed
301 1321 407 1393 veruo,
427 1320 507 1394 duod
524 1335 646 1396 semper
661 1327 745 1383 erat:
763 1324 892 1384 veritum
907 1336 981 1384 caro
997 1320 1114 1381 lactum
1129 1319 1190 1379 est.
1222 1325 1272 1378 sta

232 1413 298 1477 lloc
314 1416 463 1492 templum
480 1420 641 1477 aeternum
658 1421 717 1494 est,
736 1418 795 1478 lroe
810 1419 902 1479 linem
922 1433 982 1478 non
999 1416 1103 1492 halet,
1121 1414 1230 1477 noctu

231 1525 412 1587 expugnare
427 1510 537 1571 volens
554 1511 673 1586 llagrls,
691 1526 795 1588 cruce,
815 1512 886 1573 lello
901 1511 1021 1587 petisti.

230 1602 433 1667 Destructnnr
449 1606 546 1667 lacuit
560 1608 668 1681 paenis
685 1608 889 1669 vexantibus=
907 1610 986 1668 esto.

229 1695 344 1760 Matris
361 1701 443 1760 enim
459 1714 500 1760 ex
517 1704 618 1777 utero,
636 1701 716 1776 quod
733 1702 961 1778 destrueretur,
977 1700 1121 1763 naueuat.

231 1789 290 1855 Sed
308 1795 388 1870 quod
405 1799 505 1856 morte
521 1796 607 1856 brevi
624 1799 764 1857 materna
779 1810 819 1856 en
834 1799 922 1871 parte
937 1795 1073 1858 solutum
1089 1799 1149 1870 est,
1222 1805 1272 1855 eso

230 1887 395 1951 maiestate
408 1885 514 1950 Patris
530 1891 636 1951 vivum
653 1890 710 1951 lux
725 1890 818 1950 tertia
834 1890 946 1953 reddit.

231 1980 345 2045 Vidisti
361 1986 514 2061 angelicis
530 1987 712 2046 comitatum
729 1985 869 2047 coetibus
886 1986 948 2047 alte

230 2079 277 2140 tre
292 2093 406 2156 meum,
424 2082 514 2142 cuins
530 2095 641 2153 servor
657 2081 838 2157 munimine,
856 2082 1018 2158 templum.

229 2171 318 2238 Illius
334 2181 480 2239 aeternae
496 2179 692 2255 suspendunt
706 2179 840 2241 eulmina
857 2183 976 2256 portae,

230 2286 266 2332 ao
282 2287 337 2348 per
351 2275 529 2337 inaccessas
545 2275 702 2336 scalarum
717 2274 819 2350 gloria
834 2279 939 2336 turres
1221 2285 1271 2335 sau

229 2366 351 2429 tollitur
366 2373 398 2429 et
412 2369 564 2444 gradibus
580 2370 664 2430 lucet
679 2369 729 2428 via
746 2369 875 2429 candida
891 2370 1044 2432 summisi

229 2464 262 2520 at
277 2464 330 2522 tua
346 2466 515 2537 congestae
531 2462 687 2524 tumulant
702 2463 885 2524 holocausta
899 2464 1022 2524 ruinae.

231 2548 312 2633 Quid
328 2569 478 2632 mereare,
496 2553 589 2617 Titus
606 2556 722 2630 docuit,
740 2556 873 2616 docuere
889 2556 1006 2632 rapinis

212 2743 273 2793 tii.
297 2742 368 2808 Quid
379 2743 427 2793 th.
538 2745 598 2796 520.
619 2745 716 2794 delato
732 2745 785 2795 lm.
902 2744 963 2795 523.
982 2743 1077 2795 areeA
1091 2758 1105 2793 e
1120 2743 1134 2793 b
1148 2757 1170 2792 ru
1184 2757 1199 2807 q
1214 2742 1271 2795 did.

141 2812 226 2874 bugd.
247 2811 317 2861 stet.
329 2821 382 2862 tres
402 2812 480 2863 Chor.
500 2811 585 2864 Poett.
609 2814 703 2864 dmstr.
727 2813 798 2863 'l'enl
819 2814 895 2863 drev.
915 2812 999 2877 obt„
1018 2819 1080 2863 arte
1093 2812 1111 2862 B
1125 2813 1223 2878 (supro)
1238 2811 1272 2864 W

142 2880 238 2947 (inira)
257 2883 459 2946 praestantiores
478 2882 579 2933 Heinss.
600 2883 678 2932 Laur.
699 2882 795 2933 Weiss.
817 2899 834 2931 ee
852 2898 868 2931 n
890 2897 977 2946 margo
1003 2882 1079 2933 trium
1099 2881 1169 2933 stet.
1192 2881 1270 2932 Febr.

141 2948 200 3001 Gis.
215 2949 311 3000 Weitz.
328 2951 414 3001 licius.
430 2952 518 3001 Clam.
532 2952 598 3002 Cell.
620 2951 687 3020 [Cir.
702 2950 760 3002 isid.
778 2951 848 3015 θήῃς.
865 2951 936 3016 xlv,
950 2950 988 3019 21.
1102 2952 1164 3002 524.
1177 2967 1274 3002 serena

144 3021 191 3086 lq.
310 3020 369 3070 527.
389 3021 603 3087 [impingerem.
721 3023 781 3073 528.
803 3022 974 3072 Da'eirueium
992 3023 1038 3070 le.
1144 3020 1272 3089 529.qu0

141 3087 185 3150 ‘1⁸3
204 3088 391 3138 dirimeretur
403 3092 421 3138 Α
438 3090 493 3140 l‘ui.
512 3092 519 3140 l
533 3107 565 3153 α,
587 3091 740 3141 dirimetur
754 3093 764 3141 l
778 3091 802 3142 b.
944 3091 1004 3141 531.
1026 3091 1116 3141 diuum
1128 3089 1184 3142 rue.

176 3157 239 3208 533.
251 3159 352 3222 servor
367 3159 403 3208 lt
416 3159 474 3209 did.
490 3158 572 3225 Lugd.
693 3162 753 3211 537.
770 3165 944 3211 constructae
956 3176 986 3221 u,
1007 3162 1176 3211 cumulante
1190 3161 1236 3210 lb.

194 3342 255 3391 518.
276 3341 408 3392 Nostrum
430 3343 559 3408 templum
576 3348 618 3393 ert
630 3360 687 3394 cor·
732 3343 782 3393 lert
793 3343 993 3408 inscriptionem:
1008 3340 1273 3392 suuldus-roro-

138 3425 194 3477 μισ
208 3412 325 3474 Christi,
345 3415 487 3475 sicutipse
500 3416 528 3461 in
541 3413 687 3477 Evangelio
731 3411 871 3477 LUSQUE.
892 3410 1160 3462 nonnulis-nivo.
1181 3408 1270 3461 Tito,

140 3478 639 3544 dietmsolattetemptumtoagl.a.
731 3480 810 3530 uivt.
859 3479 1064 3530 vdsl’nslnul.
1107 3475 1274 3528 u-vltsl’n-

195 3549 255 3599 538.
286 3547 374 3614 Titus]
395 3547 483 3599 Cladis
502 3549 687 3617 Hierosolymi-
730 3549 839 3600 sindo.
876 3547 1041 3599 AUGUSTO.
1091 3547 1145 3597 cic.
1178 3547 1274 3597 Bet-oc.

141 3624 219 3666 ursae
239 3618 339 3680 insigne
361 3618 426 3666 eriis
439 3628 624 3668 monumentum
640 3619 687 3669 ilo-
731 3619 806 3669 duel.
820 3617 890 3668 rom.
907 3616 926 3681 l,
942 3634 966 3682 p.
982 3619 1047 3675 657,
1069 3615 1147 3667 Hedr.
1163 3615 1272 3666 Relund.

140 3700 200 3736 nae
219 3687 302 3736 ndlrue
322 3694 422 3752 perstet
434 3686 487 3737 rin
508 3703 584 3738 arcus
598 3690 687 3738 trium·
730 3688 760 3737 de
774 3687 862 3752 spoliis
876 3687 962 3752 tempii
984 3686 1084 3736 Hieros.
1107 3687 1133 3736 iu
1145 3691 1208 3736 ared
1220 3684 1275 3736 Titi

141 3755 237 3821 pletis.
257 3754 321 3806 Viae
341 3771 433 3806 sacrae
451 3765 547 3822 partem
568 3765 686 3824 occupat,
731 3755 825 3805 Romae
843 3755 994 3821 perspicuis.
1022 3754 1067 3805 Ed.
1081 3754 1110 3806 ll.
1126 3771 1181 3807 eur.
1195 3753 1226 3806 li.
1241 3756 1273 3806 A.

140 3824 252 3889 quaein
271 3824 425 3890 Capitolium
444 3827 568 3891 perducit.
592 3829 686 3877 Arcum
730 3826 848 3875 Selruize.
870 3823 941 3875 Trai.
965 3826 996 3875 ed
1018 3822 1099 3875 iiten.
1125 3826 1200 3889 1775,
1226 3824 1276 3875 tte-

139 3901 227 3942 entem
242 3895 386 3944 transeunti
405 3895 436 3944 ad
450 3895 580 3945 sinistram
595 3897 688 3946 visitur
731 3895 884 3957 schreibung
908 3895 954 3944 der
981 3894 1057 3944 Siadt
1081 3894 1143 3945 Rom
1167 3911 1217 3945 von
1242 3892 1273 3944 lt.

140 3962 227 4026 imago
240 3978 392 4017 marmoree.
407 3973 570 4030 quaecaptor
582 3966 687 4028 ligatos-
731 3964 850 4026 Pintner,
871 3964 900 4013 C.
917 3964 1016 4014 Bursen
1030 3971 1081 4014 eie.
1102 3963 1146 4014 ΙΙΙ.
1163 3965 1225 4026 Bd.,
1253 3962 1273 4011 l.

140 4046 190 4096 que
219 4031 326 4081 iudaeos
346 4041 526 4099 repraesentat
548 4034 615 4084 intra
636 4034 688 4083 loe·
730 4033 817 4082 attii.
843 4049 869 4098 p.
889 4034 950 4083 309.
988 4033 1026 4083 lix
1053 4033 1155 4083 ludaeis
1180 4031 1275 4082 Romae

139 4100 213 4150 deris
234 4115 339 4164 arcam,
363 4103 565 4164 candelabrum,
585 4104 688 4153 tabulas
731 4102 882 4165 degentibus
894 4103 967 4153 multi
988 4104 1019 4152 ad
1037 4103 1194 4166 iuncusque
1208 4100 1275 4149 diem

139 4168 217 4233 legis,
231 4184 345 4220 mensem
356 4186 413 4221 eum
427 4172 545 4237 panibus,
560 4173 688 4238 eliamque
731 4170 904 4222 trunsireTiii
918 4187 1003 4222 arcum
1015 4171 1192 4234 triumphalem
1206 4168 1275 4218 uallo

140 4238 229 4305 templi
260 4240 464 4306 suppellectilem
496 4242 688 4307 progredientes
731 4241 804 4290 modo
826 4240 913 4292 induci
931 4247 1055 4306 possunie
1081 4253 1137 4287 enm
1157 4238 1275 4288 nimirum

140 4307 212 4359 luctu
225 4307 349 4360 afflictos.
369 4311 451 4362 Arcus
464 4318 549 4362 autem
565 4312 591 4361 in
605 4311 687 4362 ironte
731 4312 889 4362 circumeunt
902 4326 916 4361 e
929 4316 1000 4360 reeta
1013 4307 1056 4359 via
1070 4307 1240 4358 declineniee.
