2842 4808
141 281 204 343 246
539 281 615 335 nitu.
630 280 812 338 rudnuurii
825 281 926 336 CLEM.

227 469 375 548 qraetulit
388 472 421 530 et
436 469 583 544 liquidam
598 469 763 530 temeravit
778 469 908 530 erimine
922 483 1051 531 vocemz

227 567 307 628 harad
325 566 426 640 aliter,
445 579 537 640 quam
553 566 580 626 si
595 564 708 626 rastris
723 564 794 640 quis
810 567 940 639 mmotet
954 568 1083 629 etrurnlo

228 673 396 720 caenosum
413 672 542 719 versare
557 658 670 731 solum,
688 658 826 733 limoque
841 658 1000 721 madentes

142 770 192 818 oio
225 746 370 817 excolere
386 754 521 816 aureolis
537 755 563 815 si
582 755 662 814 iorte
677 753 835 829 ligonibus
852 753 960 815 ulvas:

227 852 422 928 splendorem
439 850 541 930 dentis
557 843 645 911 nltldl
666 851 786 910 senonis
801 849 945 925 inquinat
959 855 1040 927 aua,

227 952 259 1009 et
274 948 410 1023 pretiosa
426 947 510 1007 acies
526 947 681 1022 squalenti
698 946 806 1007 sordet
821 946 852 1006 io
869 959 957 1008 arvo.

290 1041 364 1104 Non
381 1055 503 1118 vereor,
523 1056 562 1102 ne
577 1056 626 1102 me
642 1042 770 1102 nimium
788 1040 951 1102 considere
966 1041 1134 1118 quisquam

227 1141 341 1213 arguat
355 1135 536 1212 ingeniique
551 1137 639 1210 quiet
656 1134 811 1195 luctamen
828 1135 920 1195 loire.

140 1245 190 1294 oin
225 1227 300 1294 Sum
317 1245 434 1293 memor
449 1231 516 1305 iqse
532 1229 592 1291 mei
608 1229 687 1290 satis
702 1231 734 1289 et
750 1242 817 1289 mea
834 1229 946 1290 irivoia
963 1228 1056 1315 norlq

226 1344 288 1391 non
305 1330 406 1390 ausim
422 1329 567 1389 conierre
582 1328 702 1403 nedem,
721 1342 777 1388 neo
793 1328 913 1403 solonio
929 1331 1036 1389 tautae

228 1423 373 1485 indocilis
390 1421 474 1483 iaodl
490 1422 630 1482 conlecta
648 1421 803 1483 incessero
819 1422 957 1497 linguae.
1005 1412 1008 1417 ’

229 1515 369 1579 inlaesus
386 1521 510 1578 manent
525 1517 604 1578 lllrer
618 1517 840 1593 excellensque
855 1517 1000 1578 volumen

226 1614 366 1675 obtineat
381 1616 499 1689 nariam
517 1612 636 1673 dicendi
654 1612 785 1674 lirimine
800 1613 933 1673 lamam:

140 1722 192 1773 ooo
224 1704 284 1772 Sed
303 1709 394 1770 liceat
409 1712 525 1769 tectum
542 1717 669 1768 servare
685 1720 704 1769 a
718 1707 849 1769 vulnere
865 1709 975 1782 nectos

225 1804 429 1880 oppositaque
445 1803 554 1864 volans
569 1803 706 1866 iaculum
723 1802 875 1878 depellere
889 1814 1008 1878 parma.

228 1896 312 1961 Nam
327 1900 354 1960 si
372 1901 479 1960 nostra
495 1899 572 1960 tides
588 1898 672 1959 senio
687 1899 748 1959 iam
767 1901 834 1959 tuta
848 1900 955 1973 quieto

115 2010 117 2015 ’
226 1996 344 2057 viribus
362 1995 485 2056 infestis
502 1994 669 2069 linstilique
685 1998 754 2056 alte
769 1995 864 2069 petita
881 1999 941 2071 est,

227 2102 284 2150 our
299 2088 372 2149 milri
390 2089 438 2157 ias
456 2103 516 2149 non
533 2090 587 2163 sit,
607 2088 715 2164 lateris
730 2089 908 2150 sinuamine
923 2089 996 2150 dexi

143 2196 193 2245 ooo
230 2184 336 2245 ludere
351 2188 499 2245 ventosus
515 2186 597 2245 lactu
613 2187 764 2258 pereunte
779 2185 934 2260 sagittas?

227 2271 287 2339 Sed
305 2277 366 2337 iam
381 2279 504 2352 temous
520 2276 582 2337 iter
596 2275 681 2352 longi
698 2275 843 2337 collidere
859 2276 967 2352 libelli,

229 2387 267 2433 oe
284 2376 418 2464 tractum
435 2372 503 2432 sine
519 2372 580 2432 line
596 2372 677 2433 ierat
695 2372 819 2433 iaetidia
835 2385 974 2435 carmen.

207 2598 268 2647 637.
289 2596 396 2660 liquido
415 2593 488 2659 Prng.
578 2597 637 2646 638.
659 2597 732 2646 Haut
745 2611 777 2657 a;
797 2611 876 2663 qnam
892 2610 950 2645 orem
966 2600 1066 2646 roomo
1078 2601 1138 2664 qois
1152 2603 1278 2663 temptat

140 2663 292 2731 liquattuor
310 2664 467 2715 vetustiores
487 2666 550 2716 iiii.
571 2681 611 2732 op.
628 2665 714 2715 Helos.
731 2664 811 2714 Leno.
832 2680 847 2713 o
867 2664 924 2714 nid.
940 2663 1038 2727 Laod,
1056 2681 1137 2732 mm
1151 2683 1214 2716 oum
1231 2686 1277 2718 ra·

137 2738 205 2785 stris
219 2739 278 2798 qun
292 2739 378 2783 leniet
390 2749 411 2782 m
419 2770 427 2795 ,
448 2749 529 2799 quom
539 2740 564 2783 si
577 2739 677 2784 roslre's
689 2738 751 2801 qor's
771 2739 886 2799 temptat
901 2751 936 2796 α,
950 2734 1015 2800 qood
1028 2741 1163 2800 pmsstat3
1184 2743 1278 2787 rastris

139 2802 206 2855 enni.
224 2803 309 2852 lisias.
327 2804 390 2850 ilde.
407 2818 430 2866 p.
449 2803 505 2851 135,
613 2803 672 2853 639.
693 2817 802 2860 errrore
816 2801 845 2851 u.
952 2798 1012 2852 nii.
1032 2802 1195 2867 splendoris
1210 2821 1238 2856 n.

225 2872 284 2921 644.
312 2871 474 2920 lireiamenii
487 2870 565 2931 lugd.
695 2871 755 2920 645.
777 2869 836 2921 Post
855 2875 924 2921 solie
937 2878 1061 2922 comunis
1079 2871 1189 2936 distlog.
1211 2874 1274 2924 illd.

141 2937 235 3001 Lugii„
255 2944 312 3003 post
324 2941 378 2986 mei
389 2935 519 2988 Sieh.tres
533 2938 588 2989 Gis.
605 2939 613 2988 i
628 2939 703 2990 Febr.
719 2939 795 2990 Chor.
814 2939 895 2990 Poeii.
911 2945 937 2989 ei
949 2943 1020 2990 sotir
1033 2940 1084 2990 iar.
1100 2940 1171 2991 Sici.
1183 2950 1251 2993 ires.

226 3006 286 3055 648.
305 3010 398 3055 nannet
412 3007 468 3056 sid.
486 3006 565 3071 lugd.
672 3009 732 3058 654.
752 3012 792 3058 mr'
803 3010 860 3058 did.
877 3008 959 3072 lugd.
1066 3009 1128 3061 65⁵.
1148 3015 1277 3063 cameos

139 3074 207 3125 coni.
223 3073 291 3139 Lips.
307 3072 410 3123 Sainro.
427 3072 459 3138 ii,
474 3075 516 3124 20.
623 3078 682 3127 656.
703 3075 780 3128 Voce.
796 3081 850 3128 iter
863 3077 939 3142 longe*
950 3086 1024 3128 vacui
1037 3078 1148 3143 spatium
1161 3079 1190 3129 in
1204 3097 1232 3131 n.

208 3158 356 3209 Snbscrlbb.
370 3161 493 3224 Explicit
506 3166 604 3211 contro
616 3162 787 3227 Symmaeom
802 3162 885 3213 Liber
891 3163 911 3213 1.
927 3180 964 3226 α,
985 3163 1104 3230 Explicit
1117 3164 1203 3215 tenor
1213 3167 1278 3218 Prd-

140 3244 199 3278 mns
213 3231 316 3281 Contra
330 3229 522 3296 Symmachum
537 3246 562 3279 n.
