2842 4778
171 274 236 319 ano
255 352 257 356 .
604 271 870 325 Pnotltdottddt.

171 440 333 503 editionem
356 439 411 503 sub
432 440 532 523 magni
553 441 684 504 nominis
707 442 860 525 auspiciis.
891 439 920 504 ls
935 437 1045 522 igitur,
1071 458 1147 521 quae
1163 459 1224 502 non
1239 436 1305 502 sine

172 535 263 597 nimio
286 533 445 616 legentium
469 535 657 598 incommodo
673 537 819 599 extabant
835 534 1032 618 incomposita
1049 545 1138 616 atque
1155 533 1304 616 dispersa,

173 630 209 693 ad
226 628 418 695 Prudentinm
435 630 642 694 illustrandum
660 632 690 694 in
708 654 798 695 onum
814 632 952 714 collegit,
977 631 1103 694 collecta
1119 631 1149 694 in
1167 630 1303 714 proirgg.

172 725 338 808 congessit,
356 725 501 809 capitibus
518 726 666 789 distinxit.
692 727 723 789 ln
737 728 951 791 commentario
965 737 1063 789 autem
1077 726 1200 789 nimium
1212 747 1306 806 qiran-

173 823 234 884 lum
257 818 458 884 adcumnlnvit
471 822 530 896 ita,
559 832 590 883 nt
613 823 709 905 potius
729 821 869 886 horreum
887 820 996 885 habeas
1011 820 1156 884 scientiae
1171 831 1306 883 ostenta·

172 916 289 993 toriae,
313 917 389 998 qnod
403 916 480 982 ¹alibi
499 919 598 979 forsan
622 918 774 981 laudasses
795 918 969 995 inventum,
992 916 1061 981 binc
1082 928 1115 980 ut
1137 916 1238 1000 procul
1254 914 1306 984 abe

173 1023 255 1074 esset
265 1020 397 1094 optares.
412 1011 505 1074 Multa
521 1010 547 1075 is
558 1012 744 1095 opinabatur,
763 1033 840 1094 quiae
855 1013 1024 1074 accuratius
1039 1009 1208 1075 delinienda
1218 1020 1307 1074 erent
1336 1087 1338 1091 Α

172 1114 261 1186 atque
277 1097 447 1187 probanda3
466 1105 557 1167 multa
575 1104 671 1167 niinns
687 1107 724 1167 ad
740 1105 826 1175 Prud.
844 1105 961 1166 naviter
977 1104 1198 1178 illustrandum,
1217 1125 1303 1186 quatu

171 1196 208 1260 ad
224 1197 346 1282 ingenia
361 1196 523 1280 legentium
542 1198 693 1281 latiganda
710 1196 907 1279 scripta-esse
923 1197 1067 1260 dixerim.
1089 1195 1301 1260 Verumtamen

132 1299 259 1399 ‘neta
274 1289 410 1373 pluribus
425 1282 563 1353 sordibus
579 1291 675 1353 adbuc
696 1291 831 1373 oppletus
847 1290 977 1366 iaceret,
1003 1289 1060 1352 nisi
1076 1290 1191 1366 Aren,
1217 1289 1305 1352 bomo

170 1383 362 1447 salonarum
379 1385 487 1454 artium
505 1386 671 1468 disciplinis
688 1385 810 1468 egregie
826 1385 1011 1462 instructus,
1038 1387 1118 1450 illum
1136 1384 1195 1448 sibi
1209 1383 1304 1448 corri-

170 1479 299 1562 gendum
315 1478 581 1561 explicandumque
594 1478 807 1543 submovisset.
832 1480 905 1542 Ειιιιι
923 1481 990 1544 zelo
1003 1482 1106 1558 nimio,
1124 1500 1162 1542 ne
1175 1478 1304 1542 lanatico

170 1575 286 1651 dicam,
303 1574 408 1638 in'alia
424 1576 582 1638 credentes
600 1577 720 1650 invehi,
739 1576 786 1639 ubi
804 1597 864 1639 non
880 1587 1058 1659 exspectes,
1076 1575 1134 1640 viri
1150 1575 1229 1637 docti
1244 1573 1303 1649 jam

170 1669 362 1745 denotarunt.
387 1666 430 1730 Ac
452 1679 523 1731 tunc
544 1671 677 1751 prolecto
693 1689 776 1732 more
794 1670 932 1754 hystricis
954 1689 988 1732 se
1004 1670 1083 1752 gerit
1098 1668 1218 1733 aculeos
1234 1689 1305 1733 acu-

171 1775 218 1828 tos
233 1763 439 1847 protendentis
456 1763 517 1841 ita,
543 1775 575 1826 ut
592 1764 689 1828 ubivis
707 1776 811 1846 tangas
834 1766 904 1846 quio
923 1766 1061 1843 leriaris,
1087 1763 1248 1846 periculum
1264 1761 1306 1826 sit

171 1871 317 1945 apertum.
341 1858 479 1924 Attamen
495 1859 576 1922 aliud
592 1870 657 1935 est,
680 1858 757 1940 quod
780 1858 810 1920 in
828 1858 882 1919 liae
898 1859 946 1920 ed.
965 1878 1024 1920 uon
1041 1855 1207 1933 satisfecit,
1229 1866 1261 1918 et
1275 1855 1304 1918 id

170 1954 287 2037 quidem
304 1952 398 2036 pluris
414 1952 567 2029 momenti,
586 1953 654 2035 qnia
671 1952 707 2014 ad
724 1951 818 2034 ipsum
837 1962 952 2034 poetam
968 1951 1094 2025 adtinet,
1112 1971 1172 2013 non
1188 1950 1223 2013 ad
1240 1949 1304 2013 οἱιιι

170 2048 425 2132 explanationem.
451 2048 524 2127 Dico
537 2060 635 2111 nortem
652 2047 855 2110 incredibilem
868 2046 990 2109 Arevali
1004 2044 1229 2128 negligentiam,
1246 2064 1304 2127 qna

170 2141 201 2204 in
217 2140 371 2204 codicibus
395 2142 585 2204 conferendis
607 2161 677 2203 usus
694 2150 752 2205 est.
792 2141 864 2201 Rem
880 2139 969 2202 altius
984 2150 1129 2223 repetam.
1150 2137 1181 2201 ln
1197 2138 1303 2202 biblio-

171 2238 259 2302 tbeca
274 2236 401 2318 Collegii
418 2237 543 2299 llomani
565 2238 612 2298 ed.
634 2235 770 2298 Aldinam
793 2235 947 2299 Prudentii
969 2256 998 2296 a.
1029 2242 1105 2297 1501
1129 2244 1302 2310 asservant,

170 2333 257 2397 cuius
273 2334 401 2415 margini
427 2332 468 2394 lo.
488 2332 559 2394 Ant.
576 2329 722 2396 lilarietus
738 2331 897 2414 adscripsit
913 2350 994 2391 varr.
1014 2330 1094 2397 lectt.
1111 2348 1128 2390 e
1144 2348 1201 2391 sex
1216 2328 1302 2392 codd.

169 2435 214 2506 (a,
233 2427 263 2506 b,
282 2449 322 2505 m,
340 2449 357 2511 p
376 2426 490 2510 [pragi
509 2450 524 2490 r
542 2427 635 2512 [liat]
656 2449 683 2489 w
699 2421 905 2512 [Vieno.])³²)
922 2423 1093 2508 excerptas.
1110 2418 1179 2488 Nou
1195 2445 1304 2508 paucas

238 2626 282 2687 34)
302 2624 373 2691 Quas
387 2639 400 2675 a
416 2623 526 2676 blericto
546 2627 625 2680 Areu.
645 2632 776 2675 mutuatus
789 2632 829 2675 est
842 2638 911 2674 vars.
929 2624 1020 2685 lectt,
1039 2637 1084 2673 eas
1104 2623 1182 2672 revisi
1203 2638 1301 2673 omnes.

168 2693 307 2763 Supplevi,
330 2694 432 2759 saepius
454 2694 566 2756 correxi.
597 2692 633 2743 [le
655 2692 836 2743 llatisbonensi
859 2693 915 2742 cod.
940 2691 1004 2740 liar.
1029 2698 1086 2757 post
1109 2690 1153 2740 lib.
1169 2690 1189 2741 ll
1213 2698 1302 2741 contra

168 2764 266 2830 symm.
284 2768 320 2828 (p.
337 2763 397 2824 286)
421 2769 505 2812 notat:
532 2761 625 2812 Codex
644 2764 807 2810 monasterii
824 2762 852 2809 S.
873 2759 1014 2810 Emerusos'
1031 2763 1149 2810 omnium
1171 2763 1302 2825 optimus,

165 2847 237 2897 quos
249 2832 379 2893 os'ders'm,
400 2836 429 2879 et
446 2831 528 2894 plone
541 2831 641 2889 bonus,
662 2833 717 2877 nisi
735 2827 1002 2893 imprudentissimum
1020 2829 1132 2893 quidum
1149 2829 1238 2878 mutto
1250 2844 1302 2878 ssia

168 2901 358 2950 substituisset
381 2899 522 2964 prioribus
546 2901 586 2946 itu
612 2901 715 2958 erosis,
735 2902 773 2944 ut
794 2896 897 2945 ouillum
920 2900 1027 2946 crraeoiou
1047 2902 1155 2963 priscae
1177 2898 1302 2946 lectionis

168 2971 290 3030 supro-stt
303 2970 462 3032 uestigium,
483 2964 557 3030 quod
568 2980 616 3013 uos
629 2968 685 3013 suis
699 2965 763 3014 locis
777 2968 939 3014 srotuuirnus.
955 2980 1039 3029 qrrcre
1053 2982 1105 3017 oca
1115 2972 1202 3032 pulc,
1224 2982 1302 3030 posse

168 3034 258 3087 adduc
277 3034 457 3085 Prudentium
477 3037 572 3082 exacte
591 3036 696 3096 corrigi
712 3039 738 3080 et
758 3036 881 3098 pristino
894 3036 980 3083 nitori
998 3038 1128 3098 restitut,
1151 3035 1301 3084 cristalium

168 3108 362 3154 noomscomur
373 3107 490 3152 veterem
503 3100 617 3150 codicem
629 3107 808 3166 praetereas,
823 3103 922 3166 quibus
934 3106 978 3152 uss·
988 3118 1091 3166 siamus,
1107 3118 1143 3152 eu
1156 3117 1217 3166 quo,
1232 3119 1303 3168 quae

170 3173 213 3223 bic
226 3174 325 3222 abrasa
345 3179 425 3232 suut,
446 3172 559 3220 restitui
572 3173 688 3232 possint.
711 3172 776 3221 Cum
796 3187 826 3220 ec
845 3177 936 3221 nutem
954 3177 1077 3222 nostrum
1091 3171 1301 3235 diligentissimo

169 3242 345 3303 contulimus,
359 3245 388 3289 et
399 3238 471 3288 uidit
482 3238 616 3287 diuersum
630 3241 658 3287 iu
670 3240 814 3304 adsuerit,
829 3240 902 3306 quud
913 3245 940 3290 in
955 3245 1049 3290 nostro
1063 3254 1115 3289 nou
1128 3243 1301 3287 criuotuoerl-

168 3325 245 3360 mus:
264 3312 387 3373 quamuis
405 3308 454 3362 oti
472 3311 643 3356 noctescunt
662 3308 710 3358 illo
728 3313 896 3369 conueniret,
917 3322 969 3358 nco
987 3323 1091 3372 seoiper
1104 3311 1298 3356 violaverimus.

171 3377 267 3441 ltaque
278 3391 338 3425 cum
349 3376 418 3425 nibil
427 3379 579 3441 reperietur
591 3379 619 3425 iu
633 3381 726 3427 nostro
737 3383 862 3428 actutum
874 3378 1064 3444 peculiariter,
1079 3382 1180 3426 certium
1194 3378 1299 3441 siguum

169 3450 240 3507 erit,
261 3443 372 3494 eandem
392 3460 447 3493 esse
460 3448 487 3494 in
507 3443 557 3493 etto
571 3445 724 3508 lectionem,
750 3452 872 3512 quaeest
891 3451 917 3496 io
937 3451 1041 3496 nostro.
1067 3444 1213 3508 Sigoiflcsri
1228 3460 1298 3493 vore.

167 3520 312 3576 nostrum,
332 3517 360 3562 io
378 3518 488 3575 nostro,
511 3519 604 3563 niuster
624 3514 761 3564 editionem
777 3516 861 3565 Attio.
880 3515 954 3574 1501,
981 3530 1029 3562 non
1048 3514 1159 3563 codicem
1178 3529 1204 3562 m
1227 3511 1298 3572 (Vnt.
1389 3562 1391 3566 ,

168 3584 249 3645 sset)
257 3620 265 3646 ,
287 3583 313 3632 in
328 3598 376 3647 quo
387 3582 473 3631 sullae
488 3597 558 3632 vnrr.
579 3582 650 3632 lectt.
665 3598 739 3632 manu
751 3581 815 3635 llos.
831 3584 994 3646 adscriptae,
1010 3583 1075 3630 satis
1090 3581 1177 3646 liquet.
1201 3581 1300 3630 idcirco

168 3653 194 3702 in
215 3651 399 3701 commentario
421 3651 512 3701 critice
534 3659 620 3701 nostro
640 3653 750 3701 Aldinae
772 3651 922 3701 lectionibus
943 3656 969 3698 et
990 3648 1085 3697 codicis
1105 3647 1300 3699 llatisbooensis

168 3719 301 3770 addendae
322 3718 444 3781 luissent,
464 3720 507 3769 uhi
526 3720 698 3786 discrepantia
718 3716 812 3769 aller.
834 3733 882 3767 nou
902 3725 958 3765 erat
978 3716 1098 3766 iudicata.
1127 3714 1301 3766 verumenim-

167 3803 230 3840 vero
244 3788 268 3837 id
282 3803 360 3838 ausus
375 3805 422 3837 noo
436 3805 501 3851 sum,
517 3789 642 3855 siquidem
664 3788 795 3838 silentium
809 3784 926 3846 Marieti,
947 3790 977 3833 ut
989 3783 1031 3849 qni
1051 3783 1116 3833 alias
1130 3799 1207 3850 saepe
1228 3800 1301 3835 erra·

167 3857 251 3916 verit,
267 3864 365 3907 tantum
379 3858 543 3909 auctoritatis
555 3858 641 3924 putari
656 3872 703 3906 non
717 3854 814 3905 debuit.
846 3852 944 3903 lu'cdem
964 3853 1033 3903 libro
1047 3868 1111 3902 usus
1124 3858 1185 3903 crot
1200 3853 1300 3919 thtn-

167 3929 228 3975 m'us
247 3931 273 3976 et
289 3942 338 3976 nos
358 3931 435 3976 aucti
451 3943 544 3976 sumus
564 3941 645 3990 opera
660 3926 688 3976 Ρ.
706 3923 827 3975 Conradi
841 3922 942 3971 Vltori.
961 3921 992 3973 lu
1012 3920 1102 3971 eadem
1117 3920 1146 3973 S.
1161 3921 1301 3973 dmerauis’

166 3995 330 4045 bibliotheca
344 4001 386 4045 ost
398 3995 526 4045 Lucanus
539 3999 670 4058 optimus,
685 4000 711 4043 et
723 3993 830 4043 ducati
839 3995 1023 4056 grammatico
1035 3994 1106 4041 sntio
1119 3995 1251 4057 antiquo,
1272 3996 1300 4040 et

165 4066 192 4112 iss
205 4068 335 4114 sacristia
349 4069 540 4113 testarieeotum
560 4078 675 4123 noceam,
696 4065 829 4127 scriptum
850 4061 942 4111 literis
962 4061 1120 4111 matascone
1134 4065 1221 4111 totum
1234 4064 1299 4109 aoso

164 4131 215 4181 800
229 4149 313 4182 annos
330 4132 542 4195 elegantissimo.
563 4129 682 4178 Ordinem
697 4130 764 4178 buce
778 4137 864 4179 notat:
885 4125 1030 4190 Praelatio,
1047 4128 1100 4178 Per
1113 4131 1298 4194 quinquennia

165 4224 198 4234 -
214 4199 303 4268 llymni
325 4201 412 4248 decem
430 4195 647 4259 cntbemcniomo,
666 4203 694 4246 ut
708 4197 735 4245 in
748 4198 877 4259 vulgatis,
891 4194 989 4244 dnobus
1003 4198 1137 4260 postremis
1150 4197 1254 4248 reiectis
1273 4197 1298 4247 in

165 4267 243 4319 sliam
256 4269 355 4329 locum,
377 4263 586 4328 Peristepbanun
609 4264 694 4330 bymni
716 4265 849 4315 duodecim
869 4277 924 4312 cum
943 4264 1061 4315 versibus
1073 4265 1258 4316 Constantinus
1271 4271 1298 4315 et
