2842 4808
171 345 300 398 ΕΑΡᾸΙΙ.
336 347 380 398 ntt
394 345 572 400 contemtis
588 344 660 398 MSS.
676 344 720 398 ΕΤ
733 342 950 399 utttTtnttttstts
963 341 1151 395 Pnuuunrtt.
1232 348 1281 390 tttt

141 515 201 579 sibi
217 516 259 579 sit
273 527 363 602 atque
379 515 597 600 antiquissimis
614 515 763 600 exemplis
779 515 982 598 comprobata.
1015 515 1111 598 Saepe
1127 513 1283 577 contundit

141 608 295 693 bcnmp.

231 704 306 767 Ccd.
325 702 430 768 Ales.
454 711 534 768 1439
551 703 677 766 membr.
696 725 758 767 sec.
777 702 835 766 Xll
852 714 996 765 exaratus
1013 714 1133 786 praeter
1147 702 1280 765 Pruden-

142 797 456 883 tiiPsycbomacbiam
474 806 511 862 ta
529 800 592 862 loll.
611 799 775 862 octonariis
788 798 961 880 inscriptam
978 799 1113 861 continet
1125 797 1283 860 Ciceronis

142 892 200 956 lib.
224 894 263 957 de
291 895 424 959 amicitia
452 906 485 960 et
504 894 650 960 Macrobii
675 894 874 979 expositionis
897 896 928 957 in
957 896 1104 959 somnium
1133 894 1283 978 Scipionis

142 986 239 1053 libros
255 986 294 1051 ll.
319 988 394 1052 Erat
411 989 481 1053 olim
497 989 566 1055 Nic.
585 989 720 1068 flaiani,
744 990 828 1052 cuius
845 1007 953 1051 nomen
969 990 1000 1050 in
1017 989 1151 1052 inferiori
1168 992 1281 1072 primae

142 1081 275 1167 paginae
289 1083 426 1168 margine
443 1097 575 1149 notatum
591 1087 737 1148 cernitur.
764 1083 939 1167 Inscriptio:
963 1083 1098 1148 Aurelii
1113 1085 1282 1149 Clementis
1333 1090 1344 1114 ¹

143 1175 248 1243 ister
260 1176 430 1245 Prudentii
443 1181 639 1246 Sicomocltie
655 1185 778 1267 incipit.
805 1181 836 1244 lu
853 1181 929 1243 finer
947 1179 1096 1264 Euplicit
1109 1181 1202 1244 liber.

356 1274 510 1339 Aurelius
521 1275 662 1359 prudens
677 1278 826 1338 uirtutum
836 1275 966 1358 proelio
983 1276 1115 1337 clemens

358 1364 432 1429 Cum
450 1369 539 1430 ut'ciir
554 1370 636 1452 cepit
651 1368 781 1429 erratrice
796 1368 983 1430 scolasticus
997 1376 1078 1429 orte.

139 1460 235 1526 Tituli
257 1463 340 1547 sing.
365 1462 617 1547 Psycbomacbiae
640 1463 826 1527 sectionibus
849 1463 957 1527 desunt
979 1473 1106 1544 excepto
1128 1463 1207 1540 isto,
1231 1464 1280 1546 qui

141 1576 173 1617 v.
193 1561 235 1619 20
258 1554 470 1640 subsequitur:
494 1558 589 1623 Fides
606 1568 736 1642 pugnat
749 1568 860 1621 contra
884 1568 1018 1619 ueterum
1042 1559 1207 1621 culturum.
1247 1558 1280 1621 ln

140 1647 365 1732 uniusquidem
381 1671 452 1713 mss.
472 1650 623 1715 scribendi
639 1652 757 1715 ratione
773 1651 999 1715 observavimus
1016 1651 1159 1715 nonnulla
1177 1661 1280 1715 notatu

141 1743 247 1828 digua,
264 1765 323 1827 quo
338 1747 467 1823 releras,
485 1755 517 1808 ut
532 1770 559 1808 m
578 1747 638 1810 litt.
656 1748 719 1811 lere
736 1768 886 1830 nunqnam
902 1745 1075 1809 inveniatur
1096 1746 1127 1809 iu
1152 1745 1281 1810 vocabu·

141 1840 242 1905 lorum
252 1839 399 1918 clausula,
416 1863 481 1904 euru
493 1842 520 1905 ei
532 1843 731 1908 substituatur
747 1843 803 1906 litt.
814 1866 846 1905 n.
863 1844 972 1906 Manus
988 1840 1105 1905 librarii
1117 1844 1278 1925 sequioris,

140 1933 197 2000 setl
219 1934 299 1998 baud
319 1937 405 1999 dubie
428 1957 488 2001 sec.
512 1938 604 2018 ΧΙΙΙ,
634 1960 692 2000 nau
718 1940 822 2000 eadem
845 1938 1000 2022 prolecto,
1029 1957 1105 2018 quae
1134 1938 1226 2020 prima
1250 1938 1279 1999 in

141 2028 377 2113 paginafleiusii
394 2051 503 2094 rrtimen
520 2034 659 2116 apposuit
674 2039 749 2115 (sec.
760 2030 875 2111 XVII),
895 2029 1040 2093 utiArcv.
1061 2030 1277 2108 baluccinntur,

140 2120 202 2185 alia
217 2122 401 2186 eiuscemodi
416 2123 508 2189 multa
522 2125 654 2188 radendo
670 2127 809 2189 semovit.
830 2124 957 2208 Aliquae
970 2135 1132 2187 occurrunt
1146 2124 1277 2208 glossae.

140 2218 243 2283 bonas
257 2219 458 2303 suppeditavit
474 2219 630 2286 lectiones.

231 2311 307 2374 Ccd.
325 2313 428 2376 Alex.
447 2319 486 2376 58
503 2314 628 2376 membr.
646 2335 707 2377 src.
726 2314 798 2377 ΧΙΙΙ
814 2312 1046 2398 Psycbomaebin
1069 2324 1100 2375 et
1115 2312 1277 2397 praemissa

141 2410 237 2493 praei.
257 2409 389 2471 omnium
404 2408 557 2472 Prudentii
575 2431 642 2494 opp.
662 2411 748 2493 primi
762 2411 793 2472 X
807 2410 907 2495 hymni
924 2410 991 2473 libri
1006 2408 1090 2472 Cntb.
1109 2408 1139 2469 in
1158 2414 1195 2470 38
1214 2406 1276 2470 fott.

142 2501 308 2566 octonariis
334 2503 453 2565 exarati
474 2503 591 2566 insunt.
625 2503 767 2565 Continet
790 2524 907 2585 quoquc
932 2512 1089 2564 tractatum
1114 2501 1151 2562 dc
1174 2498 1279 2562 urdine

146 2599 236 2665 cilicii
260 2599 455 2665 ecclesiastici
478 2611 509 2664 et
531 2609 674 2682 excerpta
698 2620 738 2661 cx
758 2598 846 2682 epist.
865 2598 978 2660 decret.
997 2595 1181 2678 quorundam
1197 2614 1279 2655 sum-

147 2714 259 2758 morum
283 2694 466 2778 pontificum.
500 2692 544 2755 Ao
566 2692 779 2756 Prudentianis
795 2692 912 2774 quidem
936 2690 1044 2753 desunt
1068 2688 1279 2771 inscriptiones

149 2784 372 2871 litterarumque
395 2798 590 2865 ornamenta,
616 2786 642 2849 si
665 2785 851 2869 singularum
877 2781 1128 2868 Psycbomncbine
1151 2781 1277 2865 partium

156 2893 183 2942 et
193 2882 370 2966 hymnorum
385 2881 516 2945 initiales
529 2880 663 2965 excipias
675 2892 726 2944 aut
742 2880 833 2945 rubro
847 2891 897 2942 aut
914 2880 1005 2944 minio
1019 2878 1158 2942 cacruleo
1172 2878 1274 2961 pictas.

159 2975 213 3040 noa
229 2977 327 3042 ubivis
342 2979 445 3043 eadem
469 3000 534 3042 cnm
558 2977 713 3063 diligentia
734 2977 921 3060 conscriptus
938 2987 1001 3052 est,
1029 2977 1069 3038 ita
1087 2986 1117 3038 nt
1134 2974 1279 3058 largiatur

164 3088 230 3132 vau.
253 3072 335 3135 lectt.
362 3083 393 3134 et
415 3083 571 3157 corruptas
594 3084 624 3136 et
645 3071 783 3155 optimas.
834 3072 957 3134 Glossue
980 3083 1005 3132 et
1031 3068 1143 3133 scholia
1167 3068 1276 3152 passim

167 3159 335 3247 irrepserunt
350 3166 381 3228 in
403 3165 497 3249 ipsum
515 3178 642 3231 textum.
666 3165 773 3230 blanus
796 3164 978 3249 corrigentis
997 3163 1084 3227 obuia
1103 3166 1163 3225 lcrc
1181 3163 1278 3227 ubivis

169 3266 204 3315 est
214 3257 341 3337 librarii,
367 3259 415 3343 qui
439 3260 617 3343 scripturam
633 3280 717 3322 suam
734 3258 856 3322 adtente
872 3259 1017 3342 relegisse
1035 3257 1160 3319 videtur.
1199 3257 1278 3320 Scri·

171 3346 235 3415 baudi
256 3355 333 3417 ratio
356 3375 499 3437 perquam
522 3354 629 3419 similis
651 3355 749 3433 iltius,
776 3355 812 3417 de
828 3376 882 3438 qua
908 3353 937 3415 iu
954 3352 1019 3417 cod.
1037 3352 1129 3416 Alex.
1150 3355 1208 3414 3⁶21
1227 3351 1277 3413 de-

170 3445 303 3511 scribendo
319 3449 461 3512 diximus.

235 3554 305 3617 Cod.
333 3552 436 3619 Alam.
463 3564 502 3619 74
534 3555 658 3619 membr.
689 3576 752 3619 sec.
786 3554 857 3617 ΧΙΙΙ
888 3553 918 3615 in
950 3553 1013 3614 loll.
1045 3558 1084 3615 66
1113 3553 1278 3616 octonariis

169 3646 269 3725 praebet
283 3647 356 3711 libb.
375 3647 462 3711 Catb.
480 3660 510 3712 et
525 3649 634 3713 Perist.
661 3670 719 3711 nnn
743 3649 890 3730 integras.
924 3647 956 3709 ln
974 3645 1025 3710 lib.
1052 3645 1137 3708 Catb.
1163 3645 1278 3710 dcside-

167 3750 254 3802 rantur
267 3740 369 3827 bymn.
386 3743 445 3817 Xl,
460 3742 531 3806 Xll.
558 3743 637 3808 Ordo
654 3744 817 3807 carminum
836 3742 887 3805 lib.
901 3741 1009 3806 Perist.
1028 3741 1124 3814 idem,
1143 3739 1191 3823 qui
1209 3742 1275 3804 cod.

166 3830 221 3894 lat.
238 3840 337 3915 38593
363 3836 483 3899 ultimus
500 3847 599 3900 tamen
614 3847 661 3901 est
677 3855 707 3901 v.
728 3841 782 3899 161
810 3835 960 3919 passionis
975 3835 1112 3897 Romani.
1143 3836 1187 3897 Ac
1203 3835 1276 3900 Are·

161 3928 237 3992 velus
258 3930 323 3994 lidei
345 3931 482 3994 incertae
509 3944 598 4016 atque
627 3931 766 4016 ancipitis
789 3941 933 4015 patronus
957 3931 987 3992 iu
1012 3930 1199 3994 recensendo
1224 3928 1278 3993 boc

159 4024 250 4088 codice
272 4024 355 4108 plura
378 4023 501 4110 scripsit
522 4026 644 4090 omniuo
667 4026 740 4091 laisa
757 4036 846 4109 atque
869 4026 955 4104 licta,
980 4047 1055 4109 quae
1071 4047 1126 4089 suo
1143 4026 1208 4089 loco
1224 4044 1280 4089 ex·

154 4123 311 4206 pediemus.
335 4122 468 4189 Nimium
483 4125 589 4209 quippe
601 4124 780 4187 incommodi
792 4123 844 4187 isti
859 4123 974 4208 peperit
982 4133 1124 4186 exaratus
1140 4122 1171 4184 iu
1186 4141 1279 4185 mem·

152 4218 240 4280 brana
263 4215 362 4298 putida
386 4239 423 4282 ac
445 4218 576 4280 sordida.
615 4216 661 4281 Ac
680 4218 894 4301 inscriptiones
918 4215 1010 4279 minio
1033 4213 1122 4277 rubro
1140 4215 1235 4297 pictae
1251 4227 1281 4280 et

148 4312 337 4395 negligenter
358 4312 540 4377 exhibentur
560 4325 592 4377 et
613 4314 801 4379 omittuntur.
840 4314 994 4377 Scribendi
1018 4308 1096 4373 ratio
1114 4312 1234 4395 antiqua
1250 4323 1278 4377 et
