2842 4778
554 278 628 330 ΑΗΒ.
645 275 824 330 PRUDEN'I'H
839 277 940 329 CLEM.

513 938 911 1012 HAMARTIGEN
917 941 996 1012 1A.

642 1208 871 1274 PRAEFATIO.

444 1377 567 1442 Fratres
583 1378 687 1464 ephebi
704 1382 802 1444 fossor
817 1393 848 1445 et
862 1391 965 1465 pastor
981 1380 1051 1455 duo,

361 1492 435 1554 qnos
451 1472 624 1535 feminarum
642 1473 737 1556 prima
752 1475 864 1559 primos
881 1486 1030 1558 procreat,

360 1565 470 1629 sistunt
484 1567 520 1629 ad
536 1586 618 1628 aram
634 1567 670 1629 de
686 1567 820 1632 laborum
838 1567 982 1631 fructibus

361 1657 416 1720 deo
431 1657 576 1720 sacranda
594 1680 747 1723 munerum
765 1660 945 1744 primordiae

361 1755 409 1817 hin
426 1756 612 1834 terrulentis,
629 1756 680 1821 ille
695 1757 774 1821 vivis
791 1757 934 1840 fungitur.

360 1848 502 1913 Certante
517 1861 589 1914 voto
604 1851 806 1937 discrepantes
822 1853 979 1928 inmolant,

359 1947 450 2011 fetam
468 1947 594 2010 bidentis
609 1948 697 2027 alter,
715 1961 762 2014 ast
776 1950 853 2013 alter
867 1948 993 2013 scrobis.

264 2100 389 2152 inscribb.
411 2101 495 2167 iaer'p.
514 2103 705 2169 Amartegsm'a
720 2103 790 2154 iiber
802 2122 835 2164 a,
854 2105 956 2170 Incipit
975 2102 1009 2152 a.
1025 2117 1095 2150 unua
1107 2099 1319 2164 Admartigenr‘a

197 2183 228 2228 a,
242 2169 345 2232 laeipit
356 2172 545 2237 Amartr'geaia
559 2171 588 2219 id
606 2172 619 2220 ὃ
632 2172 664 2221 de
676 2176 782 2235 orimus
790 2179 965 2238 peccatoram
980 2170 1039 2221 aa.
1054 2185 1087 2232 m,
1102 2170 1173 2220 deest
1185 2169 1318 2235 inscriptio

196 2254 226 2304 q,
248 2238 347 2304 Incipit
361 2239 495 2304 prologus
513 2239 645 2289 aduersas
665 2240 845 2290 Marcionitas
864 2257 889 2289 u.
917 2238 1075 2304 Theodoiph.
1095 2239 1159 2289 Aur.
1179 2238 1209 2289 de
1229 2245 1318 2288 sancto

196 2307 289 2373 spiritu
304 2307 322 2368 Ι,
336 2309 368 2359 46
382 2312 476 2358 eontra
490 2307 671 2358 Marcionitas
685 2310 730 2359 hoe
743 2325 844 2359 carmen
859 2310 955 2359 tundat.

267 2379 289 2426 l.
308 2377 386 2444 espiri
398 2372 417 2426 R
431 2375 487 2426 sin.
502 2377 540 2438 A,
560 2378 674 2442 apiaeii
685 2377 718 2428 W
732 2376 818 2428 Woitz
838 2415 845 2440 ‚
864 2379 970 2444 Epioii
980 2392 1014 2427 m.
1137 2374 1162 2424 2.
1175 2378 1317 2442 proximos

195 2460 271 2511 supra
282 2448 387 2510 primos
402 2445 487 2509 Pras,
504 2450 646 2512 proximor
660 2452 737 2496 creat
749 2462 825 2513 supra
843 2448 858 2498 i
866 2453 973 2514 primos
984 2461 1035 2510 pro
1047 2459 1080 2495 ιιι.
1186 2447 1211 2494 i.
1227 2461 1317 2494 aurire-

195 2530 256 2565 rum
269 2529 293 2580 q.
399 2515 423 2564 5.
439 2514 466 2564 in
481 2514 527 2564 hoa
540 2530 616 2565 versu
630 2517 726 2566 desinit
739 2518 795 2567 aod.
811 2532 836 2582 q.
941 2516 966 2565 i.
980 2520 1020 2565 ast
1032 2514 1065 2565 A.

246 2650 325 2715 Sunt,
346 2651 387 2718 qni
402 2650 507 2702 Heinsio
527 2659 632 2702 anctore
649 2669 680 2702 ex
693 2668 735 2702 ur·
776 2654 916 2720 superflua
936 2667 1057 2718 quaeqae
1075 2656 1103 2701 at
1122 2653 1212 2700 miuus
1231 2665 1317 2699 neess-

195 2728 313 2783 gumento
333 2729 359 2771 et
373 2721 446 2770 codd.
462 2721 672 2787 inscriptionibus
686 2721 736 2772 Ηιι-
776 2725 852 2772 saria
866 2726 1045 2785 congregarat
1058 2720 1091 2784 gi.
1108 2734 1132 2770 n.

195 2789 371 2852 martigeniam
383 2791 734 2856 Apotheoseospsrternesse
830 2791 854 2838 i.
884 2787 1010 2856 bidentis]
1036 2793 1091 2839 onis
1116 2788 1163 2838 iso.
1189 2785 1239 2836 Sed
1261 2787 1315 2836 vid.

194 2859 357 2908 contendunt.
389 2858 501 2908 indidem
524 2873 579 2907 eum
605 2859 664 2908 niiis
688 2874 734 2923 ego
778 2857 845 2909 Geli.
862 2857 892 2908 Ν.
907 2860 939 2910 Α.
954 2857 1113 2920 ΧΉ,6,12
1133 2855 1258 2918 „Publius
1272 2870 1317 2904 uu·

194 2926 304 2987 eoliigo,
324 2941 380 2975 esse
393 2941 447 2975 earn
467 2941 567 2975 carmen
581 2927 682 2976 omnino
696 2928 735 2976 di·
777 2935 825 2976 teni
840 2924 957 2989 Nigidius
971 2928 995 2976 in
1012 2926 1086 2989 libro,
1106 2941 1178 2992 quern
1193 2924 1229 2975 De
1243 2924 1317 2974 Extis

194 3009 312 3056 versum,
332 2994 355 3042 id
370 2994 435 3059 quod
454 2994 582 3060 prneiutio
596 2996 735 3060 peculiaris
777 2997 927 3061 composuit,
943 2996 1061 3046 bidentes
1078 2995 1201 3061 appellari
1215 2994 1316 3042 sitnon

194 3062 242 3128 ipsi
255 3061 367 3128 praefixa
380 3063 484 3128 insuper
496 3063 606 3126 indica,
621 3065 735 3128 quamvis
777 3080 839 3114 oves
852 3065 936 3126 solas,
956 3064 999 3115 sed
1013 3079 1099 3113 omnes
1113 3064 1192 3114 bimas
1207 3062 1314 3112 hostias.

194 3140 369 3194 argumentum
388 3146 468 3196 neque
490 3147 520 3181 ae
538 3132 608 3182 itlius
626 3135 650 3182 in
673 3134 733 3196 dog·
777 3131 863 3199 Neque
881 3141 966 3183 tumen
981 3133 1047 3182 dixit
1064 3133 1179 3197 apertius
1186 3170 1194 3194 ,
1218 3147 1264 3181 our
1278 3134 1317 3180 tri-

194 3207 262 3251 matu
276 3200 426 3265 expiieundo
441 3208 546 3266 perstet.
778 3202 883 3253 deater:
904 3203 965 3261 sed,
985 3202 1050 3267 qnod
1071 3201 1137 3251 uitro
1151 3200 1316 3250 existimaba-

248 3269 271 3318 l.
289 3266 398 3336 jussor]
423 3270 545 3334 agricola
575 3269 626 3319 iso.
660 3269 731 3334 Virg.
776 3286 847 3331 mus,
867 3271 1026 3335 idscripturu
1049 3271 1190 3320 invenimus
1209 3271 1315 3319 incoin-

194 3334 289 3401 Gaorg.
306 3337 401 3400 ittet
425 3339 460 3387 Et
478 3340 733 3402 tabefactamooem
776 3341 909 3391 mentoriis
928 3340 1076 3404 quibusdam
1103 3340 1134 3388 ud
1157 3339 1196 3388 ius
1215 3337 1315 3404 pontifi-

193 3408 321 3458 robustus
334 3411 429 3473 iugera
436 3409 543 3472 sessor.
776 3410 842 3458 oium
865 3408 1068 3475 pertinentibus,
1094 3408 1217 3457 hidenses
1235 3408 1315 3473 primo

245 3477 269 3526 5.
287 3478 385 3542 Quaeri
393 3482 496 3543 potest:
512 3476 600 3542 Quare
611 3482 734 3543 respexit
778 3478 870 3535 dictas,
886 3478 960 3526 iitern
974 3478 1096 3540 irnrnissu,
1111 3478 1181 3541 quusi
1197 3477 1315 3526 biennes:

192 3544 735 3611 dominusadmaneraAieIPNamqaid
777 3554 828 3596 turn
855 3546 928 3610 longo
953 3562 999 3595 usn
1026 3547 1143 3612 loquendi
1169 3552 1314 3611 eorruptnrn

191 3614 252 3678 pias
263 3615 354 3678 placat
375 3615 483 3664 doraiao
498 3615 619 3680 pecualis
633 3617 732 3679 tortia,
776 3631 832 3665 esse
845 3630 949 3676 vocem,
964 3623 990 3664 et
1003 3630 1034 3665 ex
1055 3616 1213 3665 hidensibus
1228 3615 1315 3663 biden-

192 3698 274 3749 quam
284 3686 446 3745 sacrificium
458 3682 661 3748 defractione?
672 3684 731 3735 Nou
777 3689 817 3732 ter
829 3683 938 3733 iustum:
953 3684 1071 3749 qnoniam
1080 3684 1105 3732 id
1114 3683 1249 3731 videbatur
1258 3697 1314 3731 esse

191 3755 294 3816 atique.
321 3751 374 3802 Sed
392 3757 453 3816 qaia
475 3753 581 3803 videbat
599 3769 645 3804 eur
666 3755 733 3805 Cain
776 3751 845 3801 dictu
866 3751 968 3802 iaeiiins
984 3753 1126 3815 iuniusque.
1154 3750 1315 3814 flipinusta-

191 3821 301 3870 matitia
326 3826 351 3869 at
376 3821 478 3871 inuidia
501 3823 608 3885 plenam
634 3827 732 3872 eontra
775 3834 830 3870 men
852 3820 949 3881 iniins,
972 3821 1014 3885 qui
1034 3821 1073 3869 ius
1092 3820 1247 3885 pontificium
1265 3836 1314 3869 non

184 3887 310 3954 ‚fratrem
329 3905 423 3953 satam,
449 3905 546 3939 manus
565 3894 621 3940 eius
639 3907 733 3954 repro·
775 3889 876 3939 videtur
887 3890 1031 3953 ignorasse,
1046 3888 1071 3937 in
1081 3897 1170 3953 quarto
1180 3889 1312 3951 librorum,

193 3959 282 4020 buoit3
306 3962 334 4007 ιἰι
355 3958 423 4008 Aba
444 3974 504 4008 uero
528 3961 731 4024 simplieitatem
775 3973 838 4024 qnos
858 3956 893 4008 De
907 3956 1017 4021 Virgilio
1038 3958 1113 4022 iecit,
1137 3958 1256 4008 tidenter
1269 3971 1313 4022 ap·

191 4032 220 4076 et
237 4030 427 4077 ‘innocentiam
457 4027 605 4077 adtendens
634 4043 731 4077 arunas
774 4026 863 4091 peilnri
874 4026 978 4091 scripsit
992 4027 1098 4089 hostias,
1113 4042 1177 4093 qnae
1187 4035 1314 4092 peruetu-

191 4099 248 4146 eius
261 4101 387 4160 aspexit,
408 4099 673 4162 etquiaaoaritiam
686 4096 731 4145 da·
774 4103 822 4145 tem
846 4097 911 4150 duos
936 4097 1025 4146 dentes
1051 4097 1157 4146 altiores
1179 4097 1311 4145 heberent.

192 4169 312 4214 testatas
322 4171 364 4214 ert
375 4169 401 4215 ιἰι
416 4166 506 4214 latore
518 4164 594 4226 Gaia,
609 4169 658 4229 qai
665 4165 729 4232 piar
772 4161 857 4214 Verba
870 4165 939 4215 iliius
959 4166 1013 4230 ipsa
1026 4168 1113 4232 posui:
1135 4167 1206 4230 (iriae
1221 4164 1312 4214 tideus

190 4235 263 4284 tusto
283 4234 429 4284 insudabat
446 4236 473 4282 ia
492 4232 656 4296 laborando,
676 4249 727 4284 aon
772 4238 827 4292 ast,
848 4235 944 4300 inquit,
965 4239 1069 4297 tortia,
1091 4235 1313 4300 oportetiabeat

75 4302 356 4500 Αὼιὺονοί
384 4301 595 4366 srtffleisatiam,
625 4301 674 4353 sed
696 4308 730 4353 at
772 4302 864 4354 dantes
885 4309 962 4368 octo,
984 4303 1078 4355 redsa
1095 4302 1201 4355 hadrae
1216 4306 1312 4353 eatam
