2842 4808
462 311 595 362 (tuu't'uu
616 309 788 361 steininen.
810 310 828 359 1.

199 998 437 1071 cotum
464 997 841 1073 SYMMACHUM
865 997 1045 1070 uuum
1067 998 1101 1068 1.

529 1269 759 1333 PRAEFATIO.

358 1423 467 1486 Paulus
483 1446 590 1508 praeco
607 1425 672 1501 Dei,
690 1426 738 1508 qui
756 1425 819 1488 iero
835 1423 968 1507 gentium

294 1516 407 1600 primus
422 1518 512 1581 corda
528 1539 616 1582 suero
633 1517 800 1603 perdomuit
814 1515 895 1588 stilo,

294 1610 444 1679 Christum
461 1634 514 1697 per
530 1614 654 1698 populos
670 1612 778 1678 ritibus
792 1611 908 1696 asperis

155 1784 247 1849 i'rnej.
277 1786 381 1836 Contra
396 1786 549 1836 Simmncon
572 1784 608 1848 ti,
639 1787 743 1837 Contra
763 1789 915 1836 cretionem
935 1784 1093 1852 Symmachi
1113 1785 1174 1836 bob.
1191 1784 1210 1847 i,

79 1851 184 1918 Incipit
196 1858 292 1903 eontra
312 1858 464 1904 orationem
478 1855 638 1921 Symmachi
650 1871 668 1903 α
676 1892 684 1917 ,
706 1856 730 1904 in
745 1870 759 1903 n
773 1854 863 1903 titulus
877 1853 980 1914 nutius,
1000 1851 1049 1902 nisi
1063 1853 1129 1918 qnod
1142 1870 1210 1904 men.

80 1922 892 2042 “⁰·ttttitiiitttitiriitrt:'¹¹tt⁰t'¹itt-·
920 1922 1212 2051 imitetur

79 2004 276 2124 §rigrannum
295 2061 341 2110 lib.
358 2060 378 2111 1.
398 2027 527 2111 Nunc-dc
538 2032 711 2126 praefatione
728 2029 803 2121 t⁸(:.=
820 2009 949 2125 eodibni.
971 2007 1038 2120 iii,
1058 2027 1101 2126 qni
1114 2061 1212 2124 glosse-

78 2134 152 2179 nntn
166 2129 302 2190 eontinet),
317 2129 414 2196 incipit
426 2131 568 2195 Prnesntiu
582 2131 669 2181 i'rimi
681 2131 816 2180 Aduersus
830 2129 993 2180 Sinrnrneunr
1007 2128 1087 2181 Libri
1097 2146 1123 2180 u.

134 2279 167 2332 C.
181 2280 320 2333 Suetonius
335 2281 431 2350 Trnnq.
452 2285 477 2333 in
497 2286 549 2335 vitu
563 2286 627 2336 Cne—
670 2286 701 2335 de
714 2283 823 2352 Cepitoi.
839 2284 872 2334 23
881 2322 890 2348 ,
908 2282 1019 2336 Turneb.
1035 2284 1099 2335 Adv.
1112 2281 1209 2344 XXIV,

79 2351 151 2403 nris
168 2349 305 2402 Octuvinni
324 2353 433 2416 Augusti
453 2369 475 2403 c.
493 2355 541 2403 100
563 2355 626 2405 bnec
673 2356 718 2418 15,
751 2355 845 2404 Sncbse
870 2354 1060 2415 anebreibung
1085 2352 1110 2402 d.
1136 2353 1210 2403 Sindi

80 2420 181 2473 niem:
204 2419 308 2487 corpur
331 2420 480 2488 [Octavinui
500 2423 626 2490 defuncti]
670 2424 731 2476 Rom
746 2423 777 2484 ii,
788 2439 812 2489 p.
825 2424 850 2485 1,
870 2422 928 2472 iiiut
941 2420 1095 2473 Gesebiebte
1108 2422 1133 2471 d.
1145 2422 1211 2472 buu-

83 2488 239 2541 mrtem
263 2493 473 2557 municipiorum
501 2498 530 2541 et
554 2494 625 2543 coio-
668 2493 747 2543 kunst
760 2491 803 2554 lV,
818 2493 867 2550 54,
887 2491 1077 2553 besebreibung
1093 2491 1118 2539 d.
1137 2489 1212 2541 Studt

82 2563 193 2609 nicrum
209 2573 227 2609 a
245 2558 316 2610 Nola
336 2560 455 2611 Bouillas
474 2576 557 2624 usque
581 2561 625 2612 de·
670 2559 972 2622 tenerenturne,
993 2559 1023 2610 C.
1038 2560 1138 2609 Buusen
1157 2567 1208 2609 ete.

76 2632 234 2695 portarunt
265 2630 388 2679 noctibus
416 2634 529 2695 propter
559 2634 628 2679 unni
670 2630 714 2679 Bd.
737 2628 781 2690 ΙΙΙ,
804 2629 890 2679 nutui.
911 2627 937 2691 2,
960 2645 983 2694 p.
1006 2629 1039 2679 84
1058 2643 1113 2694 sqq.
1145 2627 1208 2678 Earn

79 2701 203 2761 napus,
229 2712 288 2747 cum
313 2698 434 2748 interdiu
458 2702 485 2747 in
511 2699 625 2748 iroriiica
669 2699 737 2748 inter
758 2713 865 2760 omues,
890 2713 953 2763 ques
976 2697 1020 2747 ittr
1045 2696 1094 2747 den
1115 2694 1209 2747 Rornae

80 2769 214 2830 uinoque
236 2767 331 2832 oppidi
348 2768 390 2817 uei
407 2771 434 2816 in
454 2767 560 2817 ordinm
580 2784 625 2818 rn-
668 2783 728 2819 urus
742 2767 853 2817 bubebet
869 2766 968 2816 dientes
986 2767 1036 2827 (nti
1054 2767 1079 2815 in
1094 2767 1208 2829 regione,

78 2849 194 2885 erorum
222 2840 344 2885 monimo
375 2842 562 2900 reponeretur.
601 2837 626 2887 A
668 2838 709 2888 eni
729 2835 1059 2896 nomenAitueSemitee,
1080 2835 1106 2885 in
1127 2836 1210 2885 nitere

77 2904 196 2955 Bouillis
214 2910 339 2969 equester
358 2905 425 2956 erdo
444 2909 565 2972 σησαμῆ
579 2920 626 2955 ur·
669 2906 713 2957 Ad
726 2905 866 2970 Templum
878 2905 966 2968 Pacis,
980 2904 1057 2954 tertie
1071 2904 1096 2955 in
1108 2903 1210 2971 Cupito·

79 2974 162 3039 tique
173 2973 273 3024 intulit
290 2978 374 3040 atque
391 2979 420 3023 in
438 2974 567 3025 nutibulo
580 2973 626 3025 du·
668 2976 732 3033 lio),
756 2973 861 3025 Romani
883 2973 941 3024 inde
962 2973 995 3024 ub
1015 2973 1123 3037 Augusti
1145 2989 1209 3024 nevo

77 3041 304 3093 nmeniioenoit.
325 3044 443 3094 Senotnr
453 3048 515 3094 etin
521 3045 626 3109 sunere
668 3045 769 3110 piurimi
796 3043 939 3106 ieciebnnt,
968 3043 1006 3093 itu
1030 3051 1059 3094 ut
1082 3044 1129 3095 sub
1154 3043 1210 3108 ipso

79 3110 206 3161 mendo
228 3115 253 3160 ei
272 3115 300 3160 in
321 3116 451 3162 memorio
464 3112 625 3165 honoranda
668 3113 836 3164 Constantino
858 3111 921 3179 imp.
943 3113 969 3162 in
991 3127 1081 3176 meque
1103 3127 1212 3163 veneru-

79 3179 224 3231 untedio
244 3184 371 3230 certatim
390 3197 553 3247 progressus
574 3186 625 3242 esi,
667 3184 738 3233 tione
758 3196 899 3246 megnnque
918 3181 1041 3245 reiigione
1061 3181 1209 3233 biberetur.

79 3255 115 3299 et
135 3251 211 3299 inter
228 3249 288 3299 otio
309 3251 450 3316 complura
469 3254 626 3301 censuerint
668 3251 766 3301 Primus
788 3251 931 3312 Constans,
952 3249 1112 3300 Constantini
1131 3250 1209 3311 itlius,

78 3316 210 3385 quidem,
236 3318 328 3384 sunus
357 3320 522 3384 triumphali
544 3324 625 3380 nerto
668 3336 722 3371 eum
755 3321 866 3370 semovit
898 3320 1059 3384 evertitque,
1095 3319 1211 3370 restituit

77 3384 232 3437 ducendum
268 3388 450 3452 praecedente
488 3387 624 3451 Victoria,
667 3387 1210 3452 rutrmttrgnenunqqnouovieroacon-

78 3470 152 3522 quae
164 3461 209 3505 eet
220 3458 248 3505 in
260 3457 341 3507 Curio
357 3456 475 3522 [busiticn
485 3456 560 3520 iuiiu,
575 3457 623 3506 eir.
668 3461 781 3520 stuntio,
800 3459 883 3507 nitere
897 3456 1062 3506 Constnutiui
1076 3456 1146 3518 titio,
1166 3456 1209 3506 de-

79 3523 145 3575 ibid.
168 3524 251 3587 Cutis.
275 3541 297 3575 o.
319 3525 362 3591 st]
381 3527 540 3577 canentibus
561 3542 625 3575 nue-
669 3544 717 3577 nuo
736 3524 895 3576 dirutni'uit.
922 3523 993 3574 idund
1007 3525 1043 3572 itu
1061 3526 1210 3590 muttopost

79 3597 158 3644 mom
186 3598 340 3659 principum
366 3596 457 3644 tiberin
482 3599 626 3660 utriusque
668 3613 714 3662 per
732 3594 856 3645 intinnum
878 3594 1027 3659 Apostntnm
1050 3591 1141 3642 iterum
1164 3608 1208 3643 ex-

79 3678 176 3713 secres.
201 3665 334 3723 Augustus
344 3664 424 3727 igitur
436 3665 546 3714 Antonio
559 3665 624 3729 npud
668 3667 737 3715 cultu
751 3671 805 3726 est,
825 3679 906 3730 neque
920 3678 935 3713 n
949 3661 1053 3713 lovinno
1068 3670 1180 3726 remote,
1194 3678 1209 3712 u

77 3731 625 3852 Aetiumdevictergqptoquedebuitntu
668 3732 851 3783 Veientininno
893 3731 956 3782 rimo
977 3731 1061 3799 potius
1086 3732 1207 3783 toternte.

79 3798 188 3850 Curium
207 3799 351 3865 iulium,n
383 3802 435 3851 utio
454 3801 567 3852 Cnesnre
587 3803 625 3851 in·
668 3801 849 3854 Verumtamen
886 3798 1209 3863 rutiunus‚Vstentinieni

80 3869 213 3931 ebontnm,
246 3878 335 3934 posteo
363 3871 480 3921 incendio
506 3872 625 3934 deletum,
669 3873 743 3938 primi
772 3870 855 3933 iilius,
890 3869 1038 3921 Constantis
1069 3873 1208 3937 exemplum

79 3942 214 4005 emp-'icio
246 3941 303 3990 solo
335 3941 400 4002 (vid.
436 3938 624 3991 Monumentum
667 3948 771 3991 secutus
790 3941 889 4001 insigne
909 3940 1071 3990 simulacrum
1089 3956 1144 3991 cum
1163 3955 1208 3990 eru

81 4009 193 4076 Aneyr.)
207 4009 391 4059 restituendum
405 4011 523 4072 curavit,
538 4008 624 4075 ibique
668 4009 772 4060 eCurin
790 4009 885 4072 eiecit,
906 4009 1132 4074 sacerdotibusque
1150 4008 1209 4059 deo·

78 4083 192 4127 stetuem
207 4075 340 4129 Victorino
354 4085 380 4129 et
393 4093 463 4128 nrum
476 4078 624 4139 coiiocnvit,
668 4095 739 4141 rum,
760 4095 808 4128 noo
822 4080 938 4144 exceptis
952 4077 1113 4139 Vestalibus,
1133 4078 1210 4127 notite

81 4146 122 4194 eni
149 4154 284 4196 senatores
309 4148 483 4210 ingredientes
513 4154 569 4198 ture
595 4161 626 4196 nc
667 4148 836 4198 emolumenta
862 4147 950 4209 uereri
971 4147 1055 4197 iussit.
1087 4145 1113 4195 id
1135 4146 1209 4213 Sym-

81 4229 152 4265 nero
172 4215 286 4265 tuerent.
319 4216 374 4267 cn.
395 4216 533 4268 Herodian,
551 4215 582 4274 V,
597 4218 623 4277 5,
667 4218 773 4268 runcinus
787 4233 834 4266 non
849 4216 934 4266 icrens
948 4217 1048 4264 nomine
1061 4223 1206 4265 senatorum

81 4281 138 4345 vit,
149 4284 190 4347 11,
209 4283 267 4334 net.
282 4283 412 4352 Lamprid.
424 4288 499 4337 Alex.
511 4285 570 4337 Seu.
582 4286 622 4347 14,
667 4286 799 4349 gentilium
810 4301 876 4335 nuno
886 4285 934 4335 ³82
949 4283 1098 4333 Gretinnum
1111 4285 1206 4347 orevit,

83 4353 171 4403 brebe.
191 4352 411 4422 sdv.Symm.lt,
428 4358 458 4420 t,
485 4355 624 4422 Rycqnium
667 4364 695 4407 ut
709 4346 839 4407 Victorino
852 4369 921 4404 eruin
934 4352 1039 4415 eurise,
1053 4354 1207 4404 emolumen-
