<?xml version="1.0" encoding="UTF-8"?>
<!DOCTYPE html PUBLIC "-//W3C//DTD XHTML 1.0 Transitional//EN"
    "http://www.w3.org/TR/xhtml1/DTD/xhtml1-transitional.dtd">
<html xmlns="http://www.w3.org/1999/xhtml" xml:lang="en" lang="en">
 <head>
  <title>
</title>
<meta http-equiv="Content-Type" content="text/html;charset=utf-8" />
  <meta name='ocr-system' content='tesseract 3.04.00' />
  <meta name='ocr-capabilities' content='ocr_page ocr_carea ocr_par ocr_line ocrx_word'/>
</head>
<body>
  <div class='ocr_page' id='page_1' title='image "./quaeexstantcarm00dresgoog_0469.png"; bbox 0 0 2842 4808; ppageno 0'>
   <div class='ocr_carea' id='block_1_1' title="bbox 529 233 924 289">
    <p class='ocr_par' dir='ltr' id='par_1_1' title="bbox 529 233 924 289">
     <span class='ocr_line' id='line_1_1' title="bbox 529 233 924 289; baseline -0.01 -1"><span class='ocrx_word' id='word_1_1' title='bbox 529 236 607 289; x_wconf 67' lang='lat' dir='ltr'><strong>AUR.</strong></span> <span class='ocrx_word' id='word_1_2' title='bbox 622 233 805 288; x_wconf 82' lang='lat' dir='ltr'><strong>rnuonrtrit</strong></span> <span class='ocrx_word' id='word_1_3' title='bbox 821 234 924 287; x_wconf 74' lang='lat' dir='ltr'>CLEM-</span> 
     </span>
    </p>
   </div>
   <div class='ocr_carea' id='block_1_2' title="bbox 332 420 1269 2771">
    <p class='ocr_par' dir='ltr' id='par_1_2' title="bbox 334 420 957 499">
     <span class='ocr_line' id='line_1_2' title="bbox 334 420 957 499; baseline -0.003 -16"><span class='ocrx_word' id='word_1_4' title='bbox 334 437 389 499; x_wconf 94' lang='lat' dir='ltr'><strong>pro</strong></span> <span class='ocrx_word' id='word_1_5' title='bbox 405 423 581 483; x_wconf 74' lang='lat' dir='ltr'><strong>contumaci</strong></span> <span class='ocrx_word' id='word_1_6' title='bbox 598 422 685 498; x_wconf 89' lang='lat' dir='ltr'><strong>plebe</strong></span> <span class='ocrx_word' id='word_1_7' title='bbox 700 436 827 483; x_wconf 89' lang='lat' dir='ltr'><strong>cansam</strong></span> <span class='ocrx_word' id='word_1_8' title='bbox 844 420 957 482; x_wconf 83' lang='lat' dir='ltr'><strong>uicere.</strong></span> 
     </span>
    </p>

    <p class='ocr_par' dir='ltr' id='par_1_3' title="bbox 332 508 945 591">
     <span class='ocr_line' id='line_1_3' title="bbox 332 508 945 591; baseline 0 -14"><span class='ocrx_word' id='word_1_9' title='bbox 332 513 362 577; x_wconf 92' lang='lat' dir='ltr'><strong>it</strong></span> <span class='ocrx_word' id='word_1_10' title='bbox 381 530 443 576; x_wconf 93' lang='lat' dir='ltr'><strong>non</strong></span> <span class='ocrx_word' id='word_1_11' title='bbox 460 517 612 577; x_wconf 75' lang='lat' dir='ltr'><strong>resistens</strong></span> <span class='ocrx_word' id='word_1_12' title='bbox 627 529 723 590; x_wconf 85' lang='lat' dir='ltr'><strong>seqrre</strong></span> <span class='ocrx_word' id='word_1_13' title='bbox 739 508 851 577; x_wconf 80' lang='lat' dir='ltr'><strong>uinciri</strong></span> <span class='ocrx_word' id='word_1_14' title='bbox 868 517 945 591; x_wconf 89' lang='lat' dir='ltr'><strong>petit</strong></span> 
     </span>
    </p>

    <p class='ocr_par' dir='ltr' id='par_1_4' title="bbox 337 608 1091 780">
     <span class='ocr_line' id='line_1_4' title="bbox 337 608 1046 685; baseline 0 -16"><span class='ocrx_word' id='word_1_15' title='bbox 337 609 434 669; x_wconf 86' lang='lat' dir='ltr'><strong>nexas</strong></span> <span class='ocrx_word' id='word_1_16' title='bbox 449 611 481 668; x_wconf 91' lang='lat' dir='ltr'><strong>ct</strong></span> <span class='ocrx_word' id='word_1_17' title='bbox 497 608 579 669; x_wconf 91' lang='lat' dir='ltr'><strong>uitro</strong></span> <span class='ocrx_word' id='word_1_18' title='bbox 596 611 721 683; x_wconf 80' lang='lat' dir='ltr'><strong>torquet</strong></span> <span class='ocrx_word' id='word_1_19' title='bbox 736 609 767 669; x_wconf 93' lang='lat' dir='ltr'><strong>in</strong></span> <span class='ocrx_word' id='word_1_20' title='bbox 783 612 906 685; x_wconf 76' lang='lat' dir='ltr'><strong>tergum</strong></span> <span class='ocrx_word' id='word_1_21' title='bbox 924 623 1046 671; x_wconf 88' lang='lat' dir='ltr'><strong>manus.</strong></span> 
     </span>
     <span class='ocr_line' id='line_1_5' title="bbox 419 701 1091 780; baseline 0.003 -16"><span class='ocrx_word' id='word_1_22' title='bbox 419 701 518 764; x_wconf 81' lang='lat' dir='ltr'><strong>Amor</strong></span> <span class='ocrx_word' id='word_1_23' title='bbox 533 716 667 764; x_wconf 89' lang='lat' dir='ltr'><strong>coronae</strong></span> <span class='ocrx_word' id='word_1_24' title='bbox 682 718 779 779; x_wconf 90' lang='lat' dir='ltr'><strong>paene</strong></span> <span class='ocrx_word' id='word_1_25' title='bbox 793 704 955 780; x_wconf 90' lang='lat' dir='ltr'><strong>praevenit</strong></span> <span class='ocrx_word' id='word_1_26' title='bbox 971 708 1091 766; x_wconf 79' lang='lat' dir='ltr'><strong>trucem</strong></span> 
     </span>
    </p>

    <p class='ocr_par' dir='ltr' id='par_1_5' title="bbox 334 797 960 872">
     <span class='ocr_line' id='line_1_6' title="bbox 334 797 960 872; baseline 0.006 -16"><span class='ocrx_word' id='word_1_27' title='bbox 334 797 454 857; x_wconf 89' lang='lat' dir='ltr'><strong>lictoris</strong></span> <span class='ocrx_word' id='word_1_28' title='bbox 469 800 568 858; x_wconf 86' lang='lat' dir='ltr'><strong>artem</strong></span> <span class='ocrx_word' id='word_1_29' title='bbox 584 801 695 872; x_wconf 89' lang='lat' dir='ltr'><strong>sponte</strong></span> <span class='ocrx_word' id='word_1_30' title='bbox 709 797 809 859; x_wconf 84' lang='lat' dir='ltr'><strong>nudas</strong></span> <span class='ocrx_word' id='word_1_31' title='bbox 825 799 960 861; x_wconf 87' lang='lat' dir='ltr'><strong>oilerens</strong></span> 
     </span>
    </p>

    <p class='ocr_par' dir='ltr' id='par_1_6' title="bbox 335 892 938 970">
     <span class='ocr_line' id='line_1_7' title="bbox 335 892 938 970; baseline 0.005 -18"><span class='ocrx_word' id='word_1_32' title='bbox 335 895 440 953; x_wconf 90' lang='lat' dir='ltr'><strong>costas</strong></span> <span class='ocrx_word' id='word_1_33' title='bbox 455 892 584 953; x_wconf 88' lang='lat' dir='ltr'><strong>bisulcis</strong></span> <span class='ocrx_word' id='word_1_34' title='bbox 600 894 775 954; x_wconf 86' lang='lat' dir='ltr'><strong>execanias</strong></span> <span class='ocrx_word' id='word_1_35' title='bbox 791 895 938 970; x_wconf 79' lang='lat' dir='ltr'><strong>ungulis:</strong></span> 
     </span>
    </p>

    <p class='ocr_par' dir='ltr' id='par_1_7' title="bbox 335 988 977 1066">
     <span class='ocr_line' id='line_1_8' title="bbox 335 988 977 1066; baseline 0.003 -17"><span class='ocrx_word' id='word_1_36' title='bbox 335 988 485 1063; x_wconf 79' lang='lat' dir='ltr'><strong>inrumpit</strong></span> <span class='ocrx_word' id='word_1_37' title='bbox 500 989 597 1050; x_wconf 91' lang='lat' dir='ltr'><strong>altum</strong></span> <span class='ocrx_word' id='word_1_38' title='bbox 614 989 708 1050; x_wconf 89' lang='lat' dir='ltr'><strong>limen</strong></span> <span class='ocrx_word' id='word_1_39' title='bbox 724 993 757 1050; x_wconf 91' lang='lat' dir='ltr'><strong>et</strong></span> <span class='ocrx_word' id='word_1_40' title='bbox 770 990 977 1066; x_wconf 80' lang='lat' dir='ltr'><strong>praeconibus</strong></span> 
     </span>
    </p>

    <p class='ocr_par' dir='ltr' id='par_1_8' title="bbox 336 1083 1073 1256">
     <span class='ocr_line' id='line_1_9' title="bbox 336 1083 950 1158; baseline 0.003 -15"><span class='ocrx_word' id='word_1_41' title='bbox 336 1086 465 1157; x_wconf 75' lang='lat' dir='ltr'><strong>stupore</strong></span> <span class='ocrx_word' id='word_1_42' title='bbox 481 1083 577 1144; x_wconf 87' lang='lat' dir='ltr'><strong>mutis</strong></span> <span class='ocrx_word' id='word_1_43' title='bbox 592 1083 660 1158; x_wconf 93' lang='lat' dir='ltr'><strong>ipse</strong></span> <span class='ocrx_word' id='word_1_44' title='bbox 675 1087 825 1146; x_wconf 91' lang='lat' dir='ltr'><strong>tortorem</strong></span> <span class='ocrx_word' id='word_1_45' title='bbox 842 1084 950 1146; x_wconf 91' lang='lat' dir='ltr'><strong>trabit.</strong></span> 
     </span>
     <span class='ocr_line' id='line_1_10' title="bbox 421 1175 1073 1256; baseline 0 -18"><span class='ocrx_word' id='word_1_46' title='bbox 421 1175 569 1238; x_wconf 80' lang='lat' dir='ltr'><strong>Aristanti</strong></span> <span class='ocrx_word' id='word_1_47' title='bbox 586 1178 624 1238; x_wconf 94' lang='lat' dir='ltr'><strong>ob</strong></span> <span class='ocrx_word' id='word_1_48' title='bbox 641 1193 695 1240; x_wconf 92' lang='lat' dir='ltr'><strong>ora</strong></span> <span class='ocrx_word' id='word_1_49' title='bbox 712 1179 758 1240; x_wconf 88' lang='lat' dir='ltr'><strong>sic</strong></span> <span class='ocrx_word' id='word_1_50' title='bbox 773 1183 930 1256; x_wconf 86' lang='lat' dir='ltr'><strong>tyrannus</strong></span> <span class='ocrx_word' id='word_1_51' title='bbox 946 1179 1073 1254; x_wconf 86' lang='lat' dir='ltr'><strong>incipit:</strong></span> 
     </span>
    </p>

    <p class='ocr_par' dir='ltr' id='par_1_9' title="bbox 339 1266 1012 1349">
     <span class='ocr_line' id='line_1_11' title="bbox 339 1266 1012 1349; baseline 0.006 -19"><span class='ocrx_word' id='word_1_52' title='bbox 339 1266 485 1347; x_wconf 85' lang='lat' dir='ltr'><strong>„Iniame</strong></span> <span class='ocrx_word' id='word_1_53' title='bbox 501 1275 687 1348; x_wconf 90' lang='lat' dir='ltr'><strong>monstrum,</strong></span> <span class='ocrx_word' id='word_1_54' title='bbox 708 1273 793 1349; x_wconf 86' lang='lat' dir='ltr'><strong>vilis,</strong></span> <span class='ocrx_word' id='word_1_55' title='bbox 811 1274 1012 1348; x_wconf 72' lang='lat' dir='ltr'><strong>intestabilis,</strong></span> 
     </span>
    </p>

    <p class='ocr_par' dir='ltr' id='par_1_10' title="bbox 339 1368 935 1445">
     <span class='ocr_line' id='line_1_12' title="bbox 339 1368 935 1445; baseline 0.007 -20"><span class='ocrx_word' id='word_1_56' title='bbox 339 1370 401 1442; x_wconf 81' lang='lat' dir='ltr'><strong>„tu</strong></span> <span class='ocrx_word' id='word_1_57' title='bbox 418 1368 586 1429; x_wconf 88' lang='lat' dir='ltr'><strong>ventilator</strong></span> <span class='ocrx_word' id='word_1_58' title='bbox 602 1369 689 1430; x_wconf 91' lang='lat' dir='ltr'><strong>urbis</strong></span> <span class='ocrx_word' id='word_1_59' title='bbox 705 1372 737 1429; x_wconf 91' lang='lat' dir='ltr'><strong>et</strong></span> <span class='ocrx_word' id='word_1_60' title='bbox 752 1369 839 1445; x_wconf 81' lang='lat' dir='ltr'><strong>vulgi</strong></span> <span class='ocrx_word' id='word_1_61' title='bbox 856 1369 935 1431; x_wconf 87' lang='lat' dir='ltr'><strong>levis</strong></span> 
     </span>
    </p>

    <p class='ocr_par' dir='ltr' id='par_1_11' title="bbox 341 1461 985 1540">
     <span class='ocr_line' id='line_1_13' title="bbox 341 1461 985 1540; baseline 0.002 -18"><span class='ocrx_word' id='word_1_62' title='bbox 341 1461 517 1537; x_wconf 91' lang='lat' dir='ltr'><strong>„proceiia,</strong></span> <span class='ocrx_word' id='word_1_63' title='bbox 536 1467 655 1524; x_wconf 90' lang='lat' dir='ltr'><strong>mentes</strong></span> <span class='ocrx_word' id='word_1_64' title='bbox 672 1465 827 1540; x_wconf 83' lang='lat' dir='ltr'><strong>inquietas</strong></span> <span class='ocrx_word' id='word_1_65' title='bbox 843 1463 985 1538; x_wconf 81' lang='lat' dir='ltr'><strong>mobiles,</strong></span> 
     </span>
    </p>

    <p class='ocr_par' dir='ltr' id='par_1_12' title="bbox 344 1554 1089 1727">
     <span class='ocr_line' id='line_1_14' title="bbox 344 1554 982 1633; baseline 0.006 -19"><span class='ocrx_word' id='word_1_66' title='bbox 344 1570 410 1631; x_wconf 87' lang='lat' dir='ltr'><strong>„uc</strong></span> <span class='ocrx_word' id='word_1_67' title='bbox 426 1569 461 1615; x_wconf 90' lang='lat' dir='ltr'><strong>se</strong></span> <span class='ocrx_word' id='word_1_68' title='bbox 477 1554 611 1630; x_wconf 90' lang='lat' dir='ltr'><strong>inperita</strong></span> <span class='ocrx_word' id='word_1_69' title='bbox 626 1557 717 1618; x_wconf 92' lang='lat' dir='ltr'><strong>turba</strong></span> <span class='ocrx_word' id='word_1_70' title='bbox 734 1557 827 1618; x_wconf 80' lang='lat' dir='ltr'><strong>leuat</strong></span> <span class='ocrx_word' id='word_1_71' title='bbox 843 1557 982 1633; x_wconf 76' lang='lat' dir='ltr'><strong>legibus:</strong></span> 
     </span>
     <span class='ocr_line' id='line_1_15' title="bbox 423 1649 1089 1727; baseline 0 -18"><span class='ocrx_word' id='word_1_72' title='bbox 423 1649 598 1726; x_wconf 88' lang='lat' dir='ltr'><strong>„populare</strong></span> <span class='ocrx_word' id='word_1_73' title='bbox 615 1651 758 1726; x_wconf 82' lang='lat' dir='ltr'><strong>quintam</strong></span> <span class='ocrx_word' id='word_1_74' title='bbox 774 1653 833 1712; x_wconf 92' lang='lat' dir='ltr'><strong>sub</strong></span> <span class='ocrx_word' id='word_1_75' title='bbox 849 1652 953 1712; x_wconf 90' lang='lat' dir='ltr'><strong>colore</strong></span> <span class='ocrx_word' id='word_1_76' title='bbox 968 1649 1089 1727; x_wconf 82' lang='lat' dir='ltr'><strong>gloriae</strong></span> 
     </span>
    </p>

    <p class='ocr_par' dir='ltr' id='par_1_13' title="bbox 341 1744 893 1826">
     <span class='ocr_line' id='line_1_16' title="bbox 341 1744 893 1826; baseline 0.009 -22"><span class='ocrx_word' id='word_1_77' title='bbox 341 1744 539 1820; x_wconf 83' lang='lat' dir='ltr'><strong>„inlitterata</strong></span> <span class='ocrx_word' id='word_1_78' title='bbox 556 1747 689 1808; x_wconf 81' lang='lat' dir='ltr'><strong>credidit</strong></span> <span class='ocrx_word' id='word_1_79' title='bbox 706 1747 893 1826; x_wconf 78' lang='lat' dir='ltr'><strong>frequentia,</strong></span> 
     </span>
    </p>

    <p class='ocr_par' dir='ltr' id='par_1_14' title="bbox 341 1844 1087 1917">
     <span class='ocr_line' id='line_1_17' title="bbox 341 1844 1087 1917; baseline 0 -16"><span class='ocrx_word' id='word_1_80' title='bbox 341 1844 404 1917; x_wconf 76' lang='lat' dir='ltr'><strong>„ut</strong></span> <span class='ocrx_word' id='word_1_81' title='bbox 419 1856 454 1901; x_wconf 92' lang='lat' dir='ltr'><strong>se</strong></span> <span class='ocrx_word' id='word_1_82' title='bbox 469 1855 524 1916; x_wconf 89' lang='lat' dir='ltr'><strong>per</strong></span> <span class='ocrx_word' id='word_1_83' title='bbox 539 1856 650 1904; x_wconf 87' lang='lat' dir='ltr'><strong>aevum</strong></span> <span class='ocrx_word' id='word_1_84' title='bbox 667 1844 895 1906; x_wconf 84' lang='lat' dir='ltr'><strong>consecrandos</strong></span> <span class='ocrx_word' id='word_1_85' title='bbox 911 1845 1087 1913; x_wconf 78' lang='lat' dir='ltr'><strong>autument,</strong></span> 
     </span>
    </p>

    <p class='ocr_par' dir='ltr' id='par_1_15' title="bbox 343 1932 1010 2012">
     <span class='ocr_line' id='line_1_18' title="bbox 343 1932 1010 2012; baseline 0.001 -19"><span class='ocrx_word' id='word_1_86' title='bbox 343 1934 396 2011; x_wconf 86' lang='lat' dir='ltr'><strong>„si</strong></span> <span class='ocrx_word' id='word_1_87' title='bbox 415 1932 494 1993; x_wconf 90' lang='lat' dir='ltr'><strong>bella</strong></span> <span class='ocrx_word' id='word_1_88' title='bbox 510 1933 603 2009; x_wconf 86' lang='lat' dir='ltr'><strong>ulvis,</strong></span> <span class='ocrx_word' id='word_1_89' title='bbox 621 1948 678 1995; x_wconf 91' lang='lat' dir='ltr'><strong>ceu</strong></span> <span class='ocrx_word' id='word_1_90' title='bbox 693 1936 854 2012; x_wconf 81' lang='lat' dir='ltr'><strong>gigantes,</strong></span> <span class='ocrx_word' id='word_1_91' title='bbox 872 1936 1010 1996; x_wconf 88' lang='lat' dir='ltr'><strong>inierant</strong></span> 
     </span>
    </p>

    <p class='ocr_par' dir='ltr' id='par_1_16' title="bbox 348 2028 1102 2199">
     <span class='ocr_line' id='line_1_19' title="bbox 348 2028 1028 2102; baseline 0 -15"><span class='ocrx_word' id='word_1_92' title='bbox 348 2028 512 2102; x_wconf 79' lang='lat' dir='ltr'><strong>„victique</strong></span> <span class='ocrx_word' id='word_1_93' title='bbox 528 2029 660 2090; x_wconf 85' lang='lat' dir='ltr'><strong>iiammis</strong></span> <span class='ocrx_word' id='word_1_94' title='bbox 675 2030 851 2092; x_wconf 93' lang='lat' dir='ltr'><strong>obruantur</strong></span> <span class='ocrx_word' id='word_1_95' title='bbox 866 2029 1028 2089; x_wconf 89' lang='lat' dir='ltr'><strong>montium.</strong></span> 
     </span>
     <span class='ocr_line' id='line_1_20' title="bbox 429 2119 1102 2199; baseline 0.001 -19"><span class='ocrx_word' id='word_1_96' title='bbox 429 2119 524 2195; x_wconf 86' lang='lat' dir='ltr'><strong>„iioc</strong></span> <span class='ocrx_word' id='word_1_97' title='bbox 540 2126 574 2184; x_wconf 97' lang='grc' dir='ltr'><strong>ιιι</strong></span> <span class='ocrx_word' id='word_1_98' title='bbox 590 2124 720 2199; x_wconf 85' lang='lat' dir='ltr'><strong>parasti,</strong></span> <span class='ocrx_word' id='word_1_99' title='bbox 739 2125 869 2199; x_wconf 86' lang='lat' dir='ltr'><strong>peruitc,</strong></span> <span class='ocrx_word' id='word_1_100' title='bbox 888 2121 1102 2198; x_wconf 81' lang='lat' dir='ltr'><strong>spectaculum</strong></span> 
     </span>
    </p>

    <p class='ocr_par' dir='ltr' id='par_1_17' title="bbox 344 2216 1000 2292">
     <span class='ocr_line' id='line_1_21' title="bbox 344 2216 1000 2292; baseline 0.003 -17"><span class='ocrx_word' id='word_1_101' title='bbox 344 2216 468 2291; x_wconf 82' lang='lat' dir='ltr'><strong>„clauis</strong></span> <span class='ocrx_word' id='word_1_102' title='bbox 485 2220 633 2277; x_wconf 87' lang='lat' dir='ltr'><strong>cruentae</strong></span> <span class='ocrx_word' id='word_1_103' title='bbox 649 2217 687 2276; x_wconf 77' lang='lat' dir='ltr'><strong>cte</strong></span> <span class='ocrx_word' id='word_1_104' title='bbox 703 2218 850 2279; x_wconf 83' lang='lat' dir='ltr'><strong>necandis</strong></span> <span class='ocrx_word' id='word_1_105' title='bbox 867 2216 1000 2292; x_wconf 88' lang='lat' dir='ltr'><strong>civibus,</strong></span> 
     </span>
    </p>

    <p class='ocr_par' dir='ltr' id='par_1_18' title="bbox 344 2313 966 2390">
     <span class='ocr_line' id='line_1_22' title="bbox 344 2313 966 2390; baseline 0 -17"><span class='ocrx_word' id='word_1_106' title='bbox 344 2326 449 2388; x_wconf 84' lang='lat' dir='ltr'><strong>„quos</strong></span> <span class='ocrx_word' id='word_1_107' title='bbox 467 2317 502 2372; x_wconf 89' lang='lat' dir='ltr'><strong>ut</strong></span> <span class='ocrx_word' id='word_1_108' title='bbox 516 2313 675 2388; x_wconf 80' lang='lat' dir='ltr'><strong>profanos,</strong></span> <span class='ocrx_word' id='word_1_109' title='bbox 694 2314 802 2390; x_wconf 83' lang='lat' dir='ltr'><strong>inpiati</strong></span> <span class='ocrx_word' id='word_1_110' title='bbox 820 2318 852 2375; x_wconf 90' lang='lat' dir='ltr'><strong>et</strong></span> <span class='ocrx_word' id='word_1_111' title='bbox 867 2313 966 2375; x_wconf 86' lang='lat' dir='ltr'><strong>secuit</strong></span> 
     </span>
    </p>

    <p class='ocr_par' dir='ltr' id='par_1_19' title="bbox 344 2407 1048 2485">
     <span class='ocr_line' id='line_1_23' title="bbox 344 2407 1048 2485; baseline 0 -16"><span class='ocrx_word' id='word_1_112' title='bbox 344 2423 453 2484; x_wconf 84' lang='lat' dir='ltr'><strong>„reos‚</strong></span> <span class='ocrx_word' id='word_1_113' title='bbox 473 2422 602 2468; x_wconf 87' lang='lat' dir='ltr'><strong>neccsse</strong></span> <span class='ocrx_word' id='word_1_114' title='bbox 618 2412 667 2469; x_wconf 89' lang='lat' dir='ltr'><strong>est</strong></span> <span class='ocrx_word' id='word_1_115' title='bbox 682 2413 713 2469; x_wconf 90' lang='lat' dir='ltr'><strong>te</strong></span> <span class='ocrx_word' id='word_1_116' title='bbox 728 2410 881 2485; x_wconf 79' lang='lat' dir='ltr'><strong>magistro</strong></span> <span class='ocrx_word' id='word_1_117' title='bbox 898 2407 1048 2469; x_wconf 81' lang='lat' dir='ltr'><strong>interitui:</strong></span> 
     </span>
    </p>

    <p class='ocr_par' dir='ltr' id='par_1_20' title="bbox 348 2500 1269 2677">
     <span class='ocr_line' id='line_1_24' title="bbox 348 2500 1044 2581; baseline -0.004 -17"><span class='ocrx_word' id='word_1_118' title='bbox 348 2508 409 2581; x_wconf 88' lang='lat' dir='ltr'><strong>„tu</strong></span> <span class='ocrx_word' id='word_1_119' title='bbox 426 2518 522 2564; x_wconf 89' lang='lat' dir='ltr'><strong>causa</strong></span> <span class='ocrx_word' id='word_1_120' title='bbox 538 2504 662 2580; x_wconf 85' lang='lat' dir='ltr'><strong>mortis,</strong></span> <span class='ocrx_word' id='word_1_121' title='bbox 680 2507 715 2564; x_wconf 89' lang='lat' dir='ltr'><strong>iu</strong></span> <span class='ocrx_word' id='word_1_122' title='bbox 731 2503 883 2565; x_wconf 88' lang='lat' dir='ltr'><strong>maiorum</strong></span> <span class='ocrx_word' id='word_1_123' title='bbox 899 2500 1044 2577; x_wconf 82' lang='lat' dir='ltr'><strong>signiter.</strong></span> 
     </span>
     <span class='ocr_line' id='line_1_25' title="bbox 432 2594 1269 2677; baseline -0.007 -16"><span class='ocrx_word' id='word_1_124' title='bbox 432 2597 501 2677; x_wconf 85' lang='lat' dir='ltr'><strong>„Ni</strong></span> <span class='ocrx_word' id='word_1_125' title='bbox 514 2598 617 2674; x_wconf 88' lang='lat' dir='ltr'><strong>iaiior,</strong></span> <span class='ocrx_word' id='word_1_126' title='bbox 631 2612 765 2674; x_wconf 87' lang='lat' dir='ltr'><strong>aequum</strong></span> <span class='ocrx_word' id='word_1_127' title='bbox 778 2603 838 2674; x_wconf 88' lang='lat' dir='ltr'><strong>est,</strong></span> <span class='ocrx_word' id='word_1_128' title='bbox 854 2601 891 2660; x_wconf 94' lang='lat' dir='ltr'><strong>ut</strong></span> <span class='ocrx_word' id='word_1_129' title='bbox 902 2596 983 2673; x_wconf 79' lang='lat' dir='ltr'><strong>quoti</strong></span> <span class='ocrx_word' id='word_1_130' title='bbox 997 2599 1107 2657; x_wconf 88' lang='lat' dir='ltr'><strong>auctor</strong></span> <span class='ocrx_word' id='word_1_131' title='bbox 1119 2594 1269 2670; x_wconf 88' lang='lat' dir='ltr'><strong>inprobus</strong></span> 
     </span>
    </p>

    <p class='ocr_par' dir='ltr' id='par_1_21' title="bbox 346 2693 1045 2771">
     <span class='ocr_line' id='line_1_26' title="bbox 346 2693 1045 2771; baseline -0.001 -18"><span class='ocrx_word' id='word_1_132' title='bbox 346 2693 510 2769; x_wconf 79' lang='lat' dir='ltr'><strong>„tolerare</strong></span> <span class='ocrx_word' id='word_1_133' title='bbox 526 2693 641 2756; x_wconf 87' lang='lat' dir='ltr'><strong>multos</strong></span> <span class='ocrx_word' id='word_1_134' title='bbox 657 2694 825 2771; x_wconf 89' lang='lat' dir='ltr'><strong>conpulisti</strong></span> <span class='ocrx_word' id='word_1_135' title='bbox 842 2697 876 2754; x_wconf 92' lang='lat' dir='ltr'><strong>ut</strong></span> <span class='ocrx_word' id='word_1_136' title='bbox 891 2693 1045 2767; x_wconf 80' lang='lat' dir='ltr'><strong>carnifex,</strong></span> 
     </span>
    </p>
   </div>
   <div class='ocr_carea' id='block_1_3' title="bbox 179 2828 1313 3649">
    <p class='ocr_par' dir='ltr' id='par_1_22' title="bbox 179 2828 1313 3649">
     <span class='ocr_line' id='line_1_27' title="bbox 258 2828 1308 2896; baseline -0.006 -14"><span class='ocrx_word' id='word_1_137' title='bbox 258 2832 301 2882; x_wconf 87' lang='grc'><strong>69.</strong></span> <span class='ocrx_word' id='word_1_138' title='bbox 322 2832 403 2881; x_wconf 72' lang='lat' dir='ltr'><strong>bru.</strong></span> <span class='ocrx_word' id='word_1_139' title='bbox 527 2831 569 2879; x_wconf 83' lang='lat' dir='ltr'><strong>ii.</strong></span> <span class='ocrx_word' id='word_1_140' title='bbox 587 2846 672 2896; x_wconf 70' lang='lat' dir='ltr'><strong>poetro</strong></span> <span class='ocrx_word' id='word_1_141' title='bbox 685 2832 716 2878; x_wconf 77' lang='lat' dir='ltr'><strong>ad</strong></span> <span class='ocrx_word' id='word_1_142' title='bbox 731 2845 801 2880; x_wconf 81' lang='lat' dir='ltr'><strong>oram</strong></span> <span class='ocrx_word' id='word_1_143' title='bbox 820 2829 867 2880; x_wconf 69' lang='lat' dir='ltr'><strong>nt:</strong></span> <span class='ocrx_word' id='word_1_144' title='bbox 883 2845 970 2895; x_wconf 82' lang='lat' dir='ltr'><strong>prope</strong></span> <span class='ocrx_word' id='word_1_145' title='bbox 984 2846 1016 2891; x_wconf 84' lang='grc' dir='ltr'><strong>α,</strong></span> <span class='ocrx_word' id='word_1_146' title='bbox 1040 2843 1111 2894; x_wconf 77' lang='lat' dir='ltr'><strong>pone</strong></span> <span class='ocrx_word' id='word_1_147' title='bbox 1131 2840 1217 2889; x_wconf 66' lang='lat' dir='ltr'><strong>margo</strong></span> <span class='ocrx_word' id='word_1_148' title='bbox 1232 2828 1308 2876; x_wconf 87' lang='lat' dir='ltr'><strong>trium</strong></span> 
     </span>
     <span class='ocr_line' id='line_1_28' title="bbox 180 2894 1272 2961; baseline -0.006 -10"><span class='ocrx_word' id='word_1_149' title='bbox 180 2900 249 2951; x_wconf 77' lang='lat' dir='ltr'><strong>stet.</strong></span> <span class='ocrx_word' id='word_1_150' title='bbox 338 2899 379 2948; x_wconf 78' lang='lat'><strong>72.</strong></span> <span class='ocrx_word' id='word_1_151' title='bbox 401 2894 506 2946; x_wconf 81' lang='lat' dir='ltr'><strong>areoli.</strong></span> <span class='ocrx_word' id='word_1_152' title='bbox 592 2900 633 2949; x_wconf 75' lang='lat'><strong>73.</strong></span> <span class='ocrx_word' id='word_1_153' title='bbox 654 2896 896 2949; x_wconf 70' lang='lat' dir='ltr'><strong>exarmndnsLoti.</strong></span> <span class='ocrx_word' id='word_1_154' title='bbox 912 2895 967 2947; x_wconf 77' lang='lat' dir='ltr'><strong>Gis.</strong></span> <span class='ocrx_word' id='word_1_155' title='bbox 1064 2896 1106 2945; x_wconf 79' lang='lat' dir='ltr'><strong>ti.</strong></span> <span class='ocrx_word' id='word_1_156' title='bbox 1128 2895 1233 2961; x_wconf 76' lang='lat' dir='ltr'><strong>irrupit</strong></span> <span class='ocrx_word' id='word_1_157' title='bbox 1247 2912 1272 2944; x_wconf 82' lang='lat' dir='ltr'><strong>u.</strong></span> 
     </span>
     <span class='ocr_line' id='line_1_29' title="bbox 215 2963 1310 3031; baseline -0.006 -12"><span class='ocrx_word' id='word_1_158' title='bbox 215 2970 256 3019; x_wconf 79' lang='grc'><strong>78.</strong></span> <span class='ocrx_word' id='word_1_159' title='bbox 282 2964 487 3016; x_wconf 73' lang='grc' dir='ltr'>ΤιιειιιιιαιονΑ</span> <span class='ocrx_word' id='word_1_160' title='bbox 503 2963 533 3015; x_wconf 79' lang='lat' dir='ltr'><strong>E.</strong></span> <span class='ocrx_word' id='word_1_161' title='bbox 641 2967 684 3016; x_wconf 79' lang='lat' dir='ltr'><strong>to.</strong></span> <span class='ocrx_word' id='word_1_162' title='bbox 704 2968 812 3017; x_wconf 75' lang='lat' dir='ltr'><strong>mobilis</strong></span> <span class='ocrx_word' id='word_1_163' title='bbox 829 2967 880 3029; x_wconf 83' lang='lat' dir='ltr'><strong>ia,</strong></span> <span class='ocrx_word' id='word_1_164' title='bbox 900 2963 1310 3031; x_wconf 74' lang='lat' dir='ltr'><strong>mobiierLaur.2asbmpcpn</strong></span> 
     </span>
     <span class='ocr_line' id='line_1_30' title="bbox 180 3033 1311 3102; baseline -0.004 -15"><span class='ocrx_word' id='word_1_165' title='bbox 180 3043 206 3087; x_wconf 87' lang='lat' dir='ltr'><strong>et</strong></span> <span class='ocrx_word' id='word_1_166' title='bbox 219 3034 293 3097; x_wconf 84' lang='lat' dir='ltr'><strong>euu.;</strong></span> <span class='ocrx_word' id='word_1_167' title='bbox 319 3037 345 3083; x_wconf 89' lang='lat' dir='ltr'><strong>in</strong></span> <span class='ocrx_word' id='word_1_168' title='bbox 366 3033 493 3083; x_wconf 84' lang='lat' dir='ltr'><strong>nonnuliis</strong></span> <span class='ocrx_word' id='word_1_169' title='bbox 514 3035 584 3098; x_wconf 71' lang='lat' dir='ltr'><strong>vulg.</strong></span> <span class='ocrx_word' id='word_1_170' title='bbox 607 3050 647 3099; x_wconf 81' lang='lat' dir='ltr'><strong>ap.</strong></span> <span class='ocrx_word' id='word_1_171' title='bbox 663 3036 741 3084; x_wconf 77' lang='lat' dir='ltr'><strong>Areu.</strong></span> <span class='ocrx_word' id='word_1_172' title='bbox 763 3043 820 3102; x_wconf 83' lang='lat' dir='ltr'><strong>poet</strong></span> <span class='ocrx_word' id='word_1_173' title='bbox 832 3038 969 3099; x_wconf 80' lang='lat' dir='ltr'><strong>inquietos</strong></span> <span class='ocrx_word' id='word_1_174' title='bbox 988 3048 1120 3100; x_wconf 78' lang='lat' dir='ltr'><strong>perper-nm</strong></span> <span class='ocrx_word' id='word_1_175' title='bbox 1134 3040 1258 3083; x_wconf 83' lang='lat' dir='ltr'><strong>commate</strong></span> <span class='ocrx_word' id='word_1_176' title='bbox 1271 3033 1311 3082; x_wconf 81' lang='lat' dir='ltr'><strong>‹it-</strong></span> 
     </span>
     <span class='ocr_line' id='line_1_31' title="bbox 179 3102 1311 3168; baseline -0.004 -13"><span class='ocrx_word' id='word_1_177' title='bbox 179 3104 328 3168; x_wconf 73' lang='lat' dir='ltr'><strong>stinguiiur,</strong></span> <span class='ocrx_word' id='word_1_178' title='bbox 342 3109 429 3168; x_wconf 81' lang='lat' dir='ltr'><strong>utpote</strong></span> <span class='ocrx_word' id='word_1_179' title='bbox 444 3102 510 3168; x_wconf 78' lang='lat' dir='ltr'><strong>quoii</strong></span> <span class='ocrx_word' id='word_1_180' title='bbox 525 3102 628 3152; x_wconf 83' lang='lat' dir='ltr'><strong>verbum</strong></span> <span class='ocrx_word' id='word_1_181' title='bbox 643 3103 739 3153; x_wconf 84' lang='lat' dir='ltr'><strong>finitum</strong></span> <span class='ocrx_word' id='word_1_182' title='bbox 754 3105 799 3167; x_wconf 86' lang='lat' dir='ltr'><strong>sit,</strong></span> <span class='ocrx_word' id='word_1_183' title='bbox 813 3118 860 3152; x_wconf 91' lang='lat' dir='ltr'><strong>oon</strong></span> <span class='ocrx_word' id='word_1_184' title='bbox 875 3102 970 3153; x_wconf 74' lang='lat' dir='ltr'><strong>niliaci.</strong></span> <span class='ocrx_word' id='word_1_185' title='bbox 1093 3103 1134 3152; x_wconf 80' lang='lat'><strong>83.</strong></span> <span class='ocrx_word' id='word_1_186' title='bbox 1161 3107 1311 3151; x_wconf 73' lang='lat' dir='ltr'><strong>acclamant</strong></span> 
     </span>
     <span class='ocr_line' id='line_1_32' title="bbox 181 3169 1312 3236; baseline -0.004 -13"><span class='ocrx_word' id='word_1_187' title='bbox 181 3176 199 3222; x_wconf 84' lang='grc' dir='ltr'>Α</span> <span class='ocrx_word' id='word_1_188' title='bbox 214 3172 255 3223; x_wconf 83' lang='grc' dir='ltr'><strong>2α</strong></span> <span class='ocrx_word' id='word_1_189' title='bbox 268 3172 325 3222; x_wconf 78' lang='lat' dir='ltr'><strong>niu.</strong></span> <span class='ocrx_word' id='word_1_190' title='bbox 340 3171 443 3235; x_wconf 56' lang='lat' dir='ltr'><strong>Luget„</strong></span> <span class='ocrx_word' id='word_1_191' title='bbox 463 3176 592 3221; x_wconf 71' lang='lat' dir='ltr'><strong>orrbrmot</strong></span> <span class='ocrx_word' id='word_1_192' title='bbox 603 3170 672 3222; x_wconf 71' lang='lat' dir='ltr'><strong>Vult.</strong></span> <span class='ocrx_word' id='word_1_193' title='bbox 777 3172 819 3221; x_wconf 83' lang='grc'><strong>86.</strong></span> <span class='ocrx_word' id='word_1_194' title='bbox 840 3171 974 3236; x_wconf 80' lang='lat' dir='ltr'><strong>opardr’tc</strong></span> <span class='ocrx_word' id='word_1_195' title='bbox 988 3169 1063 3234; x_wconf 83' lang='lat' dir='ltr'><strong>Prng.</strong></span> <span class='ocrx_word' id='word_1_196' title='bbox 1171 3171 1213 3218; x_wconf 81' lang='lat' dir='ltr'><strong>ui.</strong></span> <span class='ocrx_word' id='word_1_197' title='bbox 1231 3169 1312 3220; x_wconf 84' lang='lat' dir='ltr'><strong>Cluu-</strong></span> 
     </span>
     <span class='ocr_line' id='line_1_33' title="bbox 180 3236 1310 3303; baseline -0.004 -12"><span class='ocrx_word' id='word_1_198' title='bbox 180 3242 223 3292; x_wconf 78' lang='lat' dir='ltr'><strong>dis</strong></span> <span class='ocrx_word' id='word_1_199' title='bbox 237 3245 266 3291; x_wconf 83' lang='grc' dir='ltr'><strong>Α.</strong></span> <span class='ocrx_word' id='word_1_200' title='bbox 374 3240 415 3289; x_wconf 84' lang='lat'><strong>88.</strong></span> <span class='ocrx_word' id='word_1_201' title='bbox 439 3245 466 3289; x_wconf 83' lang='lat' dir='ltr'><strong>et</strong></span> <span class='ocrx_word' id='word_1_202' title='bbox 478 3247 532 3290; x_wconf 87' lang='lat' dir='ltr'><strong>tres</strong></span> <span class='ocrx_word' id='word_1_203' title='bbox 546 3241 702 3290; x_wconf 85' lang='lat' dir='ltr'><strong>vetustiores</strong></span> <span class='ocrx_word' id='word_1_204' title='bbox 715 3241 756 3303; x_wconf 83' lang='lat' dir='ltr'><strong>(ut</strong></span> <span class='ocrx_word' id='word_1_205' title='bbox 770 3241 884 3302; x_wconf 84' lang='lat' dir='ltr'><strong>videtur)</strong></span> <span class='ocrx_word' id='word_1_206' title='bbox 900 3238 999 3289; x_wconf 83' lang='lat' dir='ltr'><strong>Heinss.</strong></span> <span class='ocrx_word' id='word_1_207' title='bbox 1017 3238 1096 3289; x_wconf 88' lang='lat' dir='ltr'><strong>Laur.</strong></span> <span class='ocrx_word' id='word_1_208' title='bbox 1112 3236 1181 3288; x_wconf 86' lang='lat' dir='ltr'><strong>Vali.</strong></span> <span class='ocrx_word' id='word_1_209' title='bbox 1197 3254 1214 3287; x_wconf 82' lang='grc' dir='ltr'><strong><em>α</em></strong></span> <span class='ocrx_word' id='word_1_210' title='bbox 1228 3237 1243 3286; x_wconf 88' lang='lat' dir='ltr'><strong>b</strong></span> <span class='ocrx_word' id='word_1_211' title='bbox 1256 3253 1278 3286; x_wconf 87' lang='grc' dir='ltr'><strong>ιιι</strong></span> <span class='ocrx_word' id='word_1_212' title='bbox 1293 3254 1310 3286; x_wconf 94' lang='lat' dir='ltr'><strong>u</strong></span> 
     </span>
     <span class='ocr_line' id='line_1_34' title="bbox 180 3307 1313 3371; baseline -0.004 -11"><span class='ocrx_word' id='word_1_213' title='bbox 180 3309 237 3360; x_wconf 78' lang='lat' dir='ltr'><strong>Ali.</strong></span> <span class='ocrx_word' id='word_1_214' title='bbox 261 3309 340 3371; x_wconf 71' lang='lat' dir='ltr'><strong>Lngd.</strong></span> <span class='ocrx_word' id='word_1_215' title='bbox 363 3308 496 3359; x_wconf 84' lang='lat' dir='ltr'><strong>Sich.ires</strong></span> <span class='ocrx_word' id='word_1_216' title='bbox 517 3308 593 3360; x_wconf 72' lang='lat' dir='ltr'><strong>Febr.</strong></span> <span class='ocrx_word' id='word_1_217' title='bbox 608 3308 664 3359; x_wconf 80' lang='lat' dir='ltr'><strong>Gis.</strong></span> <span class='ocrx_word' id='word_1_218' title='bbox 681 3309 778 3360; x_wconf 83' lang='lat' dir='ltr'><strong>Wcitz.</strong></span> <span class='ocrx_word' id='word_1_219' title='bbox 799 3309 893 3359; x_wconf 79' lang='lat' dir='ltr'><strong>Amstr.</strong></span> <span class='ocrx_word' id='word_1_220' title='bbox 912 3308 999 3359; x_wconf 83' lang='lat' dir='ltr'><strong>licius.</strong></span> <span class='ocrx_word' id='word_1_221' title='bbox 1016 3308 1080 3358; x_wconf 88' lang='lat' dir='ltr'><strong>Cell.</strong></span> <span class='ocrx_word' id='word_1_222' title='bbox 1097 3307 1191 3368; x_wconf 69' lang='lat' dir='ltr'><strong>Arum,</strong></span> <span class='ocrx_word' id='word_1_223' title='bbox 1219 3321 1267 3354; x_wconf 93' lang='lat' dir='ltr'><strong>om.</strong></span> <span class='ocrx_word' id='word_1_224' title='bbox 1284 3311 1313 3355; x_wconf 82' lang='lat' dir='ltr'><strong>et</strong></span> 
     </span>
     <span class='ocr_line' id='line_1_35' title="bbox 181 3373 1309 3445; baseline -0.004 -16"><span class='ocrx_word' id='word_1_225' title='bbox 181 3383 199 3429; x_wconf 84' lang='grc' dir='ltr'>Α</span> <span class='ocrx_word' id='word_1_226' title='bbox 216 3378 236 3429; x_wconf 76' lang='grc' dir='ltr'>Ε</span> <span class='ocrx_word' id='word_1_227' title='bbox 251 3377 267 3428; x_wconf 86' lang='grc' dir='ltr'>Ρ</span> <span class='ocrx_word' id='word_1_228' title='bbox 282 3378 300 3428; x_wconf 87' lang='lat' dir='ltr'><strong>ii</strong></span> <span class='ocrx_word' id='word_1_229' title='bbox 314 3386 436 3445; x_wconf 86' lang='lat' dir='ltr'><strong>quattuor</strong></span> <span class='ocrx_word' id='word_1_230' title='bbox 449 3394 508 3428; x_wconf 90' lang='lat' dir='ltr'><strong>mss.</strong></span> <span class='ocrx_word' id='word_1_231' title='bbox 527 3377 624 3428; x_wconf 84' lang='lat' dir='ltr'><strong>lieiosii</strong></span> <span class='ocrx_word' id='word_1_232' title='bbox 637 3394 651 3428; x_wconf 89' lang='lat' dir='ltr'><strong>a</strong></span> <span class='ocrx_word' id='word_1_233' title='bbox 666 3396 679 3445; x_wconf 88' lang='lat' dir='ltr'><strong>p</strong></span> <span class='ocrx_word' id='word_1_234' title='bbox 693 3395 707 3444; x_wconf 87' lang='lat' dir='ltr'><strong>q</strong></span> <span class='ocrx_word' id='word_1_235' title='bbox 720 3380 798 3428; x_wconf 71' lang='lat' dir='ltr'><strong>(litor.</strong></span> <span class='ocrx_word' id='word_1_236' title='bbox 814 3378 898 3428; x_wconf 83' lang='lat' dir='ltr'><strong>Paeti.</strong></span> <span class='ocrx_word' id='word_1_237' title='bbox 913 3375 977 3426; x_wconf 82' lang='lat' dir='ltr'><strong>obn.</strong></span> <span class='ocrx_word' id='word_1_238' title='bbox 1089 3376 1132 3424; x_wconf 81' lang='lat'><strong>92.</strong></span> <span class='ocrx_word' id='word_1_239' title='bbox 1152 3374 1215 3425; x_wconf 79' lang='lat' dir='ltr'><strong>utri</strong></span> <span class='ocrx_word' id='word_1_240' title='bbox 1230 3373 1309 3424; x_wconf 82' lang='lat' dir='ltr'><strong>Laur.</strong></span> 
     </span>
     <span class='ocr_line' id='line_1_36' title="bbox 181 3441 1309 3513; baseline -0.005 -15"><span class='ocrx_word' id='word_1_241' title='bbox 181 3447 237 3498; x_wconf 77' lang='lat' dir='ltr'><strong>itm.</strong></span> <span class='ocrx_word' id='word_1_242' title='bbox 254 3446 320 3499; x_wconf 77' lang='lat' dir='ltr'><strong>vnit.</strong></span> <span class='ocrx_word' id='word_1_243' title='bbox 344 3450 385 3497; x_wconf 77' lang='lat' dir='ltr'><strong>io</strong></span> <span class='ocrx_word' id='word_1_244' title='bbox 399 3463 413 3497; x_wconf 90' lang='lat' dir='ltr'><strong>n</strong></span> <span class='ocrx_word' id='word_1_245' title='bbox 428 3447 442 3495; x_wconf 90' lang='lat' dir='ltr'><strong>b</strong></span> <span class='ocrx_word' id='word_1_246' title='bbox 456 3461 478 3495; x_wconf 87' lang='lat' dir='ltr'><strong>m</strong></span> <span class='ocrx_word' id='word_1_247' title='bbox 499 3448 566 3512; x_wconf 88' lang='lat' dir='ltr'><strong>(eum</strong></span> <span class='ocrx_word' id='word_1_248' title='bbox 580 3449 615 3510; x_wconf 76' lang='lat' dir='ltr'><strong>gl.</strong></span> <span class='ocrx_word' id='word_1_249' title='bbox 632 3451 661 3498; x_wconf 86' lang='grc' dir='ltr'>.ι”.</span> <span class='ocrx_word' id='word_1_250' title='bbox 676 3449 735 3511; x_wconf 81' lang='lat' dir='ltr'><strong>ceu)</strong></span> <span class='ocrx_word' id='word_1_251' title='bbox 754 3446 868 3513; x_wconf 73' lang='lat' dir='ltr'><strong>quiid.</strong></span> <span class='ocrx_word' id='word_1_252' title='bbox 892 3446 971 3509; x_wconf 73' lang='lat' dir='ltr'><strong>Logd.</strong></span> <span class='ocrx_word' id='word_1_253' title='bbox 989 3444 1057 3495; x_wconf 79' lang='lat' dir='ltr'><strong>Lott.</strong></span> <span class='ocrx_word' id='word_1_254' title='bbox 1079 3443 1211 3494; x_wconf 76' lang='lat' dir='ltr'><strong>Sicbires</strong></span> <span class='ocrx_word' id='word_1_255' title='bbox 1231 3441 1309 3492; x_wconf 78' lang='lat' dir='ltr'><strong>Fabr.</strong></span> 
     </span>
     <span class='ocr_line' id='line_1_37' title="bbox 180 3510 1310 3581; baseline -0.007 -13"><span class='ocrx_word' id='word_1_256' title='bbox 180 3515 235 3568; x_wconf 86' lang='lat' dir='ltr'><strong>Gis.</strong></span> <span class='ocrx_word' id='word_1_257' title='bbox 252 3515 348 3567; x_wconf 85' lang='lat' dir='ltr'><strong>Weitz.</strong></span> <span class='ocrx_word' id='word_1_258' title='bbox 364 3515 440 3566; x_wconf 83' lang='lat' dir='ltr'><strong>Cher.</strong></span> <span class='ocrx_word' id='word_1_259' title='bbox 457 3515 529 3566; x_wconf 87' lang='lat' dir='ltr'><strong>Poctt</strong></span> <span class='ocrx_word' id='word_1_260' title='bbox 553 3519 648 3566; x_wconf 74' lang='lat' dir='ltr'><strong>Amstr.</strong></span> <span class='ocrx_word' id='word_1_261' title='bbox 664 3515 747 3579; x_wconf 90' lang='lat' dir='ltr'><strong>0bb.‚</strong></span> <span class='ocrx_word' id='word_1_262' title='bbox 768 3517 809 3580; x_wconf 87' lang='lat' dir='ltr'><strong>qui</strong></span> <span class='ocrx_word' id='word_1_263' title='bbox 823 3530 910 3581; x_wconf 85' lang='lat' dir='ltr'><strong>porum</strong></span> <span class='ocrx_word' id='word_1_264' title='bbox 925 3521 994 3564; x_wconf 83' lang='lat' dir='ltr'><strong>reete</strong></span> <span class='ocrx_word' id='word_1_265' title='bbox 1009 3513 1089 3564; x_wconf 85' lang='lat' dir='ltr'><strong>rsiert</strong></span> <span class='ocrx_word' id='word_1_266' title='bbox 1102 3514 1133 3562; x_wconf 83' lang='lat' dir='ltr'><strong>ad</strong></span> <span class='ocrx_word' id='word_1_267' title='bbox 1149 3511 1178 3562; x_wconf 82' lang='lat' dir='ltr'><strong>C.</strong></span> <span class='ocrx_word' id='word_1_268' title='bbox 1195 3510 1252 3576; x_wconf 89' lang='lat' dir='ltr'><strong>vii,</strong></span> <span class='ocrx_word' id='word_1_269' title='bbox 1266 3510 1310 3570; x_wconf 78' lang='lat'><strong>20,</strong></span> 
     </span>
     <span class='ocr_line' id='line_1_38' title="bbox 180 3583 760 3649; baseline -0.002 -15"><span class='ocrx_word' id='word_1_270' title='bbox 180 3601 230 3636; x_wconf 89' lang='lat' dir='ltr'><strong>om.</strong></span> <span class='ocrx_word' id='word_1_271' title='bbox 245 3592 275 3636; x_wconf 85' lang='grc' dir='ltr'><strong>ιιι</strong></span> <span class='ocrx_word' id='word_1_272' title='bbox 291 3583 398 3647; x_wconf 74' lang='lat' dir='ltr'><strong>RPrug.</strong></span> <span class='ocrx_word' id='word_1_273' title='bbox 415 3587 456 3634; x_wconf 75' lang='grc' dir='ltr'>ια</span> <span class='ocrx_word' id='word_1_274' title='bbox 469 3599 484 3649; x_wconf 89' lang='lat' dir='ltr'><strong>p</strong></span> <span class='ocrx_word' id='word_1_275' title='bbox 499 3584 584 3634; x_wconf 86' lang='lat' dir='ltr'><strong>iiuins.</strong></span> <span class='ocrx_word' id='word_1_276' title='bbox 601 3585 666 3635; x_wconf 83' lang='lat' dir='ltr'><strong>Caii.</strong></span> <span class='ocrx_word' id='word_1_277' title='bbox 682 3583 760 3633; x_wconf 77' lang='lat' dir='ltr'><strong>Areu.</strong></span> 
     </span>
    </p>
   </div>
   <div class='ocr_carea' id='block_1_4' title="bbox 181 3708 1314 4329">
    <p class='ocr_par' dir='ltr' id='par_1_23' title="bbox 181 3708 1314 4120">
     <span class='ocr_line' id='line_1_39' title="bbox 234 3708 1310 3778; baseline -0.002 -17"><span class='ocrx_word' id='word_1_278' title='bbox 234 3714 275 3762; x_wconf 79' lang='lat' dir='ltr'><strong>ii.</strong></span> <span class='ocrx_word' id='word_1_279' title='bbox 296 3711 492 3778; x_wconf 82' lang='lat' dir='ltr'><strong>oltumlr&#39;man]</strong></span> <span class='ocrx_word' id='word_1_280' title='bbox 514 3712 630 3772; x_wconf 84' lang='lat' dir='ltr'><strong>„iudicis</strong></span> <span class='ocrx_word' id='word_1_281' title='bbox 651 3727 725 3778; x_wconf 81' lang='lat' dir='ltr'><strong>proc·</strong></span> <span class='ocrx_word' id='word_1_282' title='bbox 768 3714 845 3761; x_wconf 80' lang='lat' dir='ltr'><strong>ma&#39;iti</strong></span> <span class='ocrx_word' id='word_1_283' title='bbox 868 3713 1012 3771; x_wconf 68' lang='lat' dir='ltr'><strong>nolebant,</strong></span> <span class='ocrx_word' id='word_1_284' title='bbox 1046 3709 1214 3759; x_wconf 76' lang='lat' dir='ltr'><strong>r&#39;niestnbr&#39;les</strong></span> <span class='ocrx_word' id='word_1_285' title='bbox 1239 3708 1310 3767; x_wconf 62' lang='lat' dir='ltr'><strong>dm„</strong></span> 
     </span>
     <span class='ocr_line' id='line_1_40' title="bbox 182 3779 1314 3847; baseline -0.008 -12"><span class='ocrx_word' id='word_1_286' title='bbox 182 3784 275 3835; x_wconf 85' lang='lat' dir='ltr'><strong>lorium</strong></span> <span class='ocrx_word' id='word_1_287' title='bbox 300 3780 477 3843; x_wconf 63' lang='lat' dir='ltr'><strong>ingrediturf‘</strong></span> <span class='ocrx_word' id='word_1_288' title='bbox 508 3781 590 3832; x_wconf 66' lang='grc' dir='ltr'><em>Ναὸν.</em></span> <span class='ocrx_word' id='word_1_289' title='bbox 627 3780 724 3847; x_wconf 84' lang='lat' dir='ltr'><strong>Templi</strong></span> <span class='ocrx_word' id='word_1_290' title='bbox 768 3780 873 3829; x_wconf 76' lang='lat' dir='ltr'><strong>scilicet</strong></span> <span class='ocrx_word' id='word_1_291' title='bbox 891 3779 1080 3840; x_wconf 74' lang='lat' dir='ltr'><strong>detestabiles,</strong></span> <span class='ocrx_word' id='word_1_292' title='bbox 1099 3792 1215 3842; x_wconf 79' lang='lat' dir='ltr'><strong>quornm</strong></span> <span class='ocrx_word' id='word_1_293' title='bbox 1235 3780 1314 3827; x_wconf 72' lang='lat' dir='ltr'><strong>iecti-</strong></span> 
     </span>
     <span class='ocr_line' id='line_1_41' title="bbox 181 3845 1313 3915; baseline -0.01 -11"><span class='ocrx_word' id='word_1_294' title='bbox 181 3847 395 3915; x_wconf 66' lang='lat' dir='ltr'><strong>magnificenciam</strong></span> <span class='ocrx_word' id='word_1_295' title='bbox 432 3848 548 3898; x_wconf 82' lang='lat' dir='ltr'><strong>denotari</strong></span> <span class='ocrx_word' id='word_1_296' title='bbox 585 3865 600 3899; x_wconf 83' lang='lat' dir='ltr'><strong>a</strong></span> <span class='ocrx_word' id='word_1_297' title='bbox 630 3848 726 3900; x_wconf 81' lang='lat' dir='ltr'><strong>liminis</strong></span> <span class='ocrx_word' id='word_1_298' title='bbox 768 3851 888 3898; x_wconf 76' lang='lat' dir='ltr'><strong>monium</strong></span> <span class='ocrx_word' id='word_1_299' title='bbox 910 3847 1012 3897; x_wconf 82' lang='lat' dir='ltr'><strong>malum</strong></span> <span class='ocrx_word' id='word_1_300' title='bbox 1032 3852 1058 3896; x_wconf 84' lang='lat' dir='ltr'><strong>ct</strong></span> <span class='ocrx_word' id='word_1_301' title='bbox 1076 3845 1313 3895; x_wconf 64' lang='lat' dir='ltr'><strong>uenerandumn-</strong></span> 
     </span>
     <span class='ocr_line' id='line_1_42' title="bbox 181 3913 1311 3984; baseline -0.012 -9"><span class='ocrx_word' id='word_1_302' title='bbox 181 3920 356 3979; x_wconf 84' lang='lat' dir='ltr'><strong>subiimitnte‚</strong></span> <span class='ocrx_word' id='word_1_303' title='bbox 378 3931 464 3981; x_wconf 81' lang='lat' dir='ltr'><strong>parum</strong></span> <span class='ocrx_word' id='word_1_304' title='bbox 485 3917 595 3967; x_wconf 81' lang='lat' dir='ltr'><strong>i‘eliciter</strong></span> <span class='ocrx_word' id='word_1_305' title='bbox 613 3918 725 3984; x_wconf 76' lang='lat' dir='ltr'><strong>explicat</strong></span> <span class='ocrx_word' id='word_1_306' title='bbox 768 3922 818 3966; x_wconf 75' lang='lat' dir='ltr'><strong>set.</strong></span> <span class='ocrx_word' id='word_1_307' title='bbox 841 3915 869 3965; x_wconf 83' lang='lat' dir='ltr'><strong>ii.</strong></span> <span class='ocrx_word' id='word_1_308' title='bbox 883 3915 1051 3967; x_wconf 83' lang='lat' dir='ltr'><strong>Unterboizn.</strong></span> <span class='ocrx_word' id='word_1_309' title='bbox 1067 3921 1093 3964; x_wconf 90' lang='lat' dir='ltr'><strong>et</strong></span> <span class='ocrx_word' id='word_1_310' title='bbox 1107 3913 1195 3964; x_wconf 80' lang='lat' dir='ltr'><strong>licini.</strong></span> <span class='ocrx_word' id='word_1_311' title='bbox 1210 3913 1311 3977; x_wconf 74' lang='lat' dir='ltr'><strong>Dignst.</strong></span> 
     </span>
     <span class='ocr_line' id='line_1_43' title="bbox 183 3980 1312 4052; baseline -0.009 -11"><span class='ocrx_word' id='word_1_312' title='bbox 183 3990 258 4042; x_wconf 68' lang='lat' dir='ltr'><strong>rubr.</strong></span> <span class='ocrx_word' id='word_1_313' title='bbox 268 4027 276 4052; x_wconf 90' lang='lat'><em>,</em></span> <span class='ocrx_word' id='word_1_314' title='bbox 301 3987 350 4038; x_wconf 86' lang='lat' dir='ltr'><strong>nisi</strong></span> <span class='ocrx_word' id='word_1_315' title='bbox 371 3985 437 4036; x_wconf 78' lang='lat' dir='ltr'><strong>forta</strong></span> <span class='ocrx_word' id='word_1_316' title='bbox 458 3986 576 4050; x_wconf 86' lang='lat' dir='ltr'><strong>tempium</strong></span> <span class='ocrx_word' id='word_1_317' title='bbox 596 3987 663 4052; x_wconf 84' lang='lat' dir='ltr'><strong>capit</strong></span> <span class='ocrx_word' id='word_1_318' title='bbox 679 4002 724 4052; x_wconf 87' lang='lat' dir='ltr'><strong>pro</strong></span> <span class='ocrx_word' id='word_1_319' title='bbox 768 3983 892 4047; x_wconf 83' lang='lat' dir='ltr'><strong>XXViii,</strong></span> <span class='ocrx_word' id='word_1_320' title='bbox 908 3985 932 4046; x_wconf 87' lang='lat' dir='ltr'><strong>i,</strong></span> <span class='ocrx_word' id='word_1_321' title='bbox 946 3985 996 4046; x_wconf 83' lang='lat'><strong>88,</strong></span> <span class='ocrx_word' id='word_1_322' title='bbox 1020 3983 1086 4033; x_wconf 85' lang='lat' dir='ltr'><strong>Geli.</strong></span> <span class='ocrx_word' id='word_1_323' title='bbox 1101 3981 1132 4032; x_wconf 89' lang='lat' dir='ltr'><strong>N.</strong></span> <span class='ocrx_word' id='word_1_324' title='bbox 1148 3982 1179 4031; x_wconf 83' lang='grc' dir='ltr'><strong>Α.</strong></span> <span class='ocrx_word' id='word_1_325' title='bbox 1193 3980 1252 4045; x_wconf 85' lang='lat' dir='ltr'><strong>XV,</strong></span> <span class='ocrx_word' id='word_1_326' title='bbox 1269 3983 1312 4042; x_wconf 86' lang='lat'><strong>13,</strong></span> 
     </span>
     <span class='ocr_line' id='line_1_44' title="bbox 183 4051 1313 4120; baseline -0.007 -12"><span class='ocrx_word' id='word_1_327' title='bbox 183 4058 302 4120; x_wconf 78' lang='lat' dir='ltr'><strong>basilica,</strong></span> <span class='ocrx_word' id='word_1_328' title='bbox 316 4055 358 4105; x_wconf 84' lang='lat' dir='ltr'><strong>ubi</strong></span> <span class='ocrx_word' id='word_1_329' title='bbox 374 4055 467 4113; x_wconf 75' lang='lat' dir='ltr'><strong>iudicia</strong></span> <span class='ocrx_word' id='word_1_330' title='bbox 480 4053 585 4104; x_wconf 72' lang='lat' dir='ltr'><strong>flebunt.</strong></span> <span class='ocrx_word' id='word_1_331' title='bbox 768 4051 829 4103; x_wconf 86' lang='lat' dir='ltr'><strong>Tae.</strong></span> <span class='ocrx_word' id='word_1_332' title='bbox 851 4052 942 4102; x_wconf 77' lang='lat' dir='ltr'><strong>Annei.</strong></span> <span class='ocrx_word' id='word_1_333' title='bbox 964 4051 1021 4116; x_wconf 76' lang='lat' dir='ltr'><strong>rit,</strong></span> <span class='ocrx_word' id='word_1_334' title='bbox 1036 4055 1079 4114; x_wconf 83' lang='lat'><strong>55,</strong></span> <span class='ocrx_word' id='word_1_335' title='bbox 1098 4054 1128 4100; x_wconf 80' lang='lat'><strong>5:</strong></span> <span class='ocrx_word' id='word_1_336' title='bbox 1150 4056 1260 4100; x_wconf 82' lang='lat' dir='ltr'><strong>incuset</strong></span> <span class='ocrx_word' id='word_1_337' title='bbox 1272 4055 1313 4100; x_wconf 79' lang='lat' dir='ltr'><strong>in-</strong></span> 
     </span>
    </p>

    <p class='ocr_par' dir='ltr' id='par_1_24' title="bbox 184 4116 1311 4260">
     <span class='ocr_line' id='line_1_45' title="bbox 235 4116 1311 4189; baseline -0.005 -14"><span class='ocrx_word' id='word_1_338' title='bbox 235 4127 277 4175; x_wconf 80' lang='grc' dir='ltr'><strong>Π.</strong></span> <span class='ocrx_word' id='word_1_339' title='bbox 309 4121 490 4189; x_wconf 61' lang='lat' dir='ltr'><strong>inlaetabilis]</strong></span> <span class='ocrx_word' id='word_1_340' title='bbox 523 4123 632 4186; x_wconf 69' lang='lat' dir='ltr'><strong>irrogat</strong></span> <span class='ocrx_word' id='word_1_341' title='bbox 656 4123 721 4174; x_wconf 82' lang='lat' dir='ltr'><strong>obi.</strong></span> <span class='ocrx_word' id='word_1_342' title='bbox 768 4122 919 4172; x_wconf 75' lang='lat' dir='ltr'><strong>testabiicm</strong></span> <span class='ocrx_word' id='word_1_343' title='bbox 935 4127 964 4171; x_wconf 85' lang='lat' dir='ltr'><strong>et</strong></span> <span class='ocrx_word' id='word_1_344' title='bbox 975 4122 1204 4181; x_wconf 79' lang='lat' dir='ltr'><strong>consceleratum,</strong></span> <span class='ocrx_word' id='word_1_345' title='bbox 1226 4116 1311 4170; x_wconf 72' lang='lat' dir='ltr'><strong>Kritz.</strong></span> 
     </span>
     <span class='ocr_line' id='line_1_46' title="bbox 184 4188 1311 4260; baseline -0.006 -16"><span class='ocrx_word' id='word_1_346' title='bbox 184 4194 305 4260; x_wconf 77' lang='lat' dir='ltr'><strong>Porphyr.</strong></span> <span class='ocrx_word' id='word_1_347' title='bbox 321 4193 353 4242; x_wconf 74' lang='lat' dir='ltr'><strong>aa</strong></span> <span class='ocrx_word' id='word_1_348' title='bbox 367 4192 426 4242; x_wconf 84' lang='lat' dir='ltr'><strong>tior.</strong></span> <span class='ocrx_word' id='word_1_349' title='bbox 439 4193 495 4242; x_wconf 82' lang='lat' dir='ltr'><strong>Sat.</strong></span> <span class='ocrx_word' id='word_1_350' title='bbox 511 4191 540 4253; x_wconf 84' lang='lat' dir='ltr'><strong>ii,</strong></span> <span class='ocrx_word' id='word_1_351' title='bbox 553 4193 579 4258; x_wconf 82' lang='lat'><strong>3,</strong></span> <span class='ocrx_word' id='word_1_352' title='bbox 592 4193 654 4242; x_wconf 74' lang='lat'>1812</span> <span class='ocrx_word' id='word_1_353' title='bbox 669 4194 723 4243; x_wconf 82' lang='lat' dir='ltr'><strong>An·</strong></span> <span class='ocrx_word' id='word_1_354' title='bbox 767 4190 799 4240; x_wconf 79' lang='lat' dir='ltr'><strong>sil</strong></span> <span class='ocrx_word' id='word_1_355' title='bbox 812 4189 867 4239; x_wconf 80' lang='lat' dir='ltr'><strong>Sal.</strong></span> <span class='ocrx_word' id='word_1_356' title='bbox 879 4189 931 4253; x_wconf 73' lang='lat' dir='ltr'><strong>lug.</strong></span> <span class='ocrx_word' id='word_1_357' title='bbox 945 4188 1084 4252; x_wconf 83' lang='lat' dir='ltr'><strong>txvii‚3,</strong></span> <span class='ocrx_word' id='word_1_358' title='bbox 1100 4188 1171 4240; x_wconf 83' lang='lat' dir='ltr'><strong>licio.</strong></span> <span class='ocrx_word' id='word_1_359' title='bbox 1189 4188 1311 4238; x_wconf 73' lang='lat' dir='ltr'><strong>obmissio.</strong></span> 
     </span>
    </p>

    <p class='ocr_par' dir='ltr' id='par_1_25' title="bbox 184 4257 1042 4329">
     <span class='ocr_line' id='line_1_47' title="bbox 184 4257 1042 4329; baseline -0.008 -15"><span class='ocrx_word' id='word_1_360' title='bbox 184 4267 255 4329; x_wconf 74' lang='lat' dir='ltr'><strong>eique</strong></span> <span class='ocrx_word' id='word_1_361' title='bbox 273 4278 330 4322; x_wconf 76' lang='lat' dir='ltr'><strong>eos,</strong></span> <span class='ocrx_word' id='word_1_362' title='bbox 354 4277 421 4324; x_wconf 79' lang='lat' dir='ltr'><strong>quos</strong></span> <span class='ocrx_word' id='word_1_363' title='bbox 439 4268 465 4311; x_wconf 80' lang='lat' dir='ltr'><strong>tn</strong></span> <span class='ocrx_word' id='word_1_364' title='bbox 486 4263 670 4312; x_wconf 75' lang='lat' dir='ltr'><strong>testimonium</strong></span> <span class='ocrx_word' id='word_1_365' title='bbox 686 4260 724 4310; x_wconf 78' lang='lat' dir='ltr'><strong>ut-</strong></span> <span class='ocrx_word' id='word_1_366' title='bbox 769 4257 931 4308; x_wconf 79' lang='lat' dir='ltr'><strong>Privetrecbt</strong></span> <span class='ocrx_word' id='word_1_367' title='bbox 944 4274 967 4324; x_wconf 91' lang='lat' dir='ltr'><strong>p.</strong></span> <span class='ocrx_word' id='word_1_368' title='bbox 986 4259 1042 4309; x_wconf 81' lang='lat' dir='ltr'><strong>ibit.</strong></span> 
     </span>
    </p>
   </div>
   <div class='ocr_carea' id='block_1_5' title="bbox 0 0 1437 4808">
    <p class='ocr_par' dir='ltr' id='par_1_26' title="bbox 0 0 1437 4808">
     <span class='ocr_line' id='line_1_48' title="bbox 0 0 1437 4808; baseline 0 0"><span class='ocrx_word' id='word_1_369' title='bbox 0 0 1437 4808; x_wconf 95' lang='lat' dir='ltr'><strong> </strong></span> 
     </span>
    </p>
   </div>
  </div>
 </body>
</html>
