2842 4778
565 269 641 324 Adii.
657 269 839 323 rnuuudrii
854 268 954 321 cubil.

368 457 483 519 nullam
500 459 640 519 ciborum
656 458 827 519 vindicavit
840 458 989 533 gratiam,

368 551 496 612 tlrmans
513 552 631 614 salubri
647 552 769 612 scilicet
783 551 900 612 ieiunio

367 660 424 706 vas
441 645 621 720 adpetendis
638 644 817 705 inbecillum
832 643 966 720 gaudiis.

413 736 549 800 Miratus
565 738 677 813 hostie,
695 751 788 812 posse
802 736 909 799 limum
926 735 1062 796 tabidum

372 837 491 894 tanturn
510 832 626 893 laboris
641 832 798 894 sustinere
814 846 850 891 ac
866 830 997 907 perpeti,

370 927 514 1002 explorat
528 930 597 987 arte
613 925 793 986 sciscitator
807 924 933 998 callida,

370 1023 487 1084 deusne
504 1023 649 1083 membris
666 1023 708 1082 sit
724 1024 869 1096 receptus
884 1019 1008 1092 terreis,

371 1117 425 1177 sed
441 1118 601 1192 increpata
618 1117 728 1178 baudo
743 1119 814 1191 post
830 1118 952 1189 tergum
969 1114 1044 1174 ruit.

415 1209 479 1272 lioc
495 1225 553 1271 nos
569 1223 739 1284 sequamur
754 1209 886 1283 quisque
900 1221 984 1268 nunc
999 1220 1055 1282 pro
1072 1206 1202 1279 viribus,

370 1307 451 1383 quod
469 1306 645 1367 consecrati
660 1308 696 1366 tu
711 1307 863 1379 magister
879 1303 1034 1379 dogmatis

370 1400 434 1460 tuis
450 1397 562 1458 dedisti
579 1393 706 1458 Christe
722 1394 944 1469 sectatoribus

370 1498 417 1570 ut,
435 1507 505 1553 cum
522 1492 652 1553 vorandi
668 1492 779 1551 vicerit
795 1489 967 1565 libidinem,

371 1590 434 1651 late
450 1587 620 1662 triumphet
635 1587 794 1662 inperator
809 1585 950 1660 spiritus.

416 1679 482 1742 lloc
498 1684 558 1756 est,
577 1680 659 1756 duod
674 1680 735 1741 atri
751 1679 832 1739 livor
846 1677 947 1738 bostis
963 1675 1092 1749 invidet,

372 1777 477 1839 muudi
495 1777 619 1853 polique
634 1777 714 1852 quod
731 1775 926 1851 gubernator
940 1773 1061 1849 probat,

370 1871 479 1934 aitaris
494 1885 580 1932 aram
596 1871 677 1946 quod
695 1870 771 1931 lacit
785 1867 980 1945 placabilem,

370 1966 451 2043 quod
472 1966 655 2027 dormientis
671 1965 789 2026 excitat
804 1963 907 2025 cordis
923 1963 1026 2038 iidem,

370 2061 451 2137 quod
468 2061 556 2121 limat
571 2074 698 2136 aegram
713 2059 849 2136 pectoris
866 2059 1053 2134 rubiginem.

412 2152 547 2217 Pertusa
563 2170 624 2216 non
641 2156 687 2217 sic
703 2170 794 2216 amne
810 2154 932 2214 damma
949 2152 1158 2229 extinguitur,
1231 2204 1244 2215 „

371 2261 428 2308 nec
444 2248 490 2308 sic
506 2248 627 2308 calente
644 2247 711 2309 sole
727 2248 893 2308 tabescunt
907 2247 1008 2322 nives,

373 2346 408 2403 ut
423 2341 618 2404 turbidarum
634 2343 745 2405 scabra
761 2341 923 2417 culparum
939 2356 1032 2416 seges

371 2438 513 2498 vanescit
528 2437 609 2498 almo
624 2438 698 2498 trita
715 2438 773 2499 sub
789 2436 917 2512 ieiunio,

205 2545 256 2594 rio
372 2533 398 2593 si
417 2532 528 2595 blanda
544 2547 667 2610 semper
683 2534 853 2595 misceatur
867 2531 1011 2607 largitas.

276 2739 332 2791 188.
348 2739 501 2790 vendicavit
514 2737 534 2789 il
548 2741 557 2790 i
571 2756 587 2789 u
598 2738 697 2791 Weitz.
713 2738 774 2804 (non
790 2737 820 2804 Β)
831 2737 919 2789 Cham.
934 2735 1141 2803 [cn.vlli‚13].
1214 2737 1272 2788 191.
1286 2738 1337 2790 Mi·

204 2813 287 2859 ratur
299 2825 317 2857 α
328 2808 343 2857 b
354 2823 368 2856 o
380 2822 394 2872 p
409 2807 465 2858 Gis.
478 2809 557 2858 brev.
664 2809 724 2859 191.
744 2808 816 2857 Deus
829 2807 925 2872 absquo
937 2822 969 2857 ne
983 2808 994 2856 l
1010 2805 1040 2857 il.
1130 2805 1265 2858 196...200
1278 2808 1334 2859 des.

204 2877 230 2927 io
244 2892 268 2925 o.
361 2876 419 2924 191.
441 2882 498 2926 tum
513 2877 605 2927 aliid
621 2874 704 2940 Lugii.
806 2874 864 2924 199.
884 2878 1003 2926 dicarint
1015 2874 1105 2927 Heius.
1120 2875 1232 2925 eschod.
1246 2876 1336 2926 Ambr.

204 2943 388 2994 vetustissimis
402 2947 463 3005 (non
477 2942 569 3007 Laus.)
584 2943 646 2994 eali.
754 2943 815 2993 203.
835 2944 910 3008 jecit
925 2958 950 2993 o.
1074 2943 1136 2995 205.
1150 2948 1270 3011 pectoris
1290 2960 1337 2995 ru-

206 3014 324 3079 biginem
337 3013 358 3062 Α
370 3010 539 3075 fragmentum
548 3013 634 3062 Ambr.
650 3010 740 3061 oCell.
752 3011 829 3074 0bb.‚
845 3017 987 3078 pectorum
1000 3014 1151 3079 rubiginem
1163 3013 1238 3078 Prag.
1248 3013 1337 3078 (sopra

205 3083 329 3146 eorporis
342 3081 513 3145 contagium)
527 3096 557 3131 ex
572 3081 667 3131 nostris
681 3079 760 3131 Laur.
774 3097 791 3129 α
802 3095 817 3130 a
829 3080 872 3142 (ud
887 3085 969 3145 oram)
982 3081 998 3130 b
1011 3081 1019 3130 l
1032 3098 1047 3147 p
1059 3097 1076 3132 o
1089 3081 1150 3132 All.
1166 3081 1249 3146 Lugd.
1263 3082 1334 3132 siet.

204 3155 258 3199 tres
276 3147 351 3200 Febr.
367 3146 422 3199 Gis.
438 3147 537 3200 Waltz.
550 3149 626 3201 Cher.
642 3147 725 3200 Poett.
738 3150 832 3199 Amstr.
843 3148 929 3202 Heius.
943 3151 1033 3216 Δῖον,
1052 3153 1174 3217 corporei
1185 3152 1248 3201 rubi
1266 3154 1337 3202 inem

206 3216 250 3337 H}
266 3221 390 3284 corporis
403 3216 540 3269 libidinem
553 3219 574 3271 Ε
588 3217 609 3270 N
625 3221 636 3269 l
652 3218 673 3269 0
687 3218 706 3268 P
719 3216 740 3266 il
754 3218 815 3284 (mg.
831 3217 909 3283 AW)
924 3234 938 3268 a
952 3235 975 3284 q.
1148 3220 1206 3271 bol.
1254 3235 1288 3271 oo
1302 3235 1336 3284 ος

205 3301 237 3336 ea
250 3291 323 3337 entes
335 3302 361 3337 u.

259 3458 317 3510 190.
338 3454 530 3523 oar]l.'l'bess.
545 3459 612 3519 d‚t.
792 3485 826 3495 —
851 3463 995 3523 pactorum
1023 3457 1185 3524 rubiginem]
1213 3460 1336 3521 eorporis

258 3527 316 3578 191.
337 3525 433 3577 timum
443 3525 576 3593 tabidum]
591 3527 656 3578 alias
670 3528 750 3579 bomo
792 3529 920 3591 contagia
934 3525 968 3590 gl.
986 3523 1062 3588 Prag.

205 3595 306 3658 totoue,
320 3601 348 3644 ut
360 3594 404 3657 111,
420 3595 479 3647 139.
844 3595 957 3660 bldsqq.
978 3591 1033 3644 Cir.
1054 3592 1162 3645 Hermae
1181 3593 1253 3645 Past,
1272 3592 1335 3644 Sim.

255 3663 316 3714 203.
336 3664 438 3715 altaria
455 3661 547 3731 aram]
567 3678 613 3715 ara
635 3664 749 3716 sanctior
791 3660 823 3726 V,
838 3663 853 3712 3
867 3663 914 3713 Sto
927 3678 991 3728 ergo
998 3664 1100 3728 socies.
1120 3664 1250 3727 Peractis,
1265 3678 1337 3729 quae

204 3732 387 3796 augumiorquo
415 3732 508 3783 altaris
526 3747 586 3798 pars
608 3732 748 3785 Prudentio
790 3747 876 3798 supra
897 3736 1000 3798 scripto
1018 3737 1099 3795 ruat,
1123 3733 1171 3782 illo
1193 3733 1258 3794 dio,
1281 3746 1335 3797 quo

203 3815 261 3853 orsa
273 3801 387 3850 videtur.
418 3799 473 3851 Cir.
488 3798 517 3851 P.
531 3799 567 3865 X,
581 3802 624 3865 49,
642 3802 746 3854 Patron.
789 3801 931 3863 ioiaeaobta,
946 3800 1135 3851 nihilomnino
1145 3802 1272 3866 gustabis
1282 3800 1339 3850 ηὺί

204 3868 259 3920 Sat.
273 3870 321 3920 135
342 3883 462 3919 moneam
479 3875 594 3920 veteram
609 3875 746 3936 poenitio
787 3884 887 3935 ponem
916 3873 944 3917 at
970 3884 1087 3933 apuam,-
1121 3876 1148 3920 et
1176 3873 1337 3936 conparata

202 3937 289 3989 medio
309 3937 406 3988 altari.
432 3935 473 3987 dl.
493 3939 638 4003 planitiem
653 3939 744 3991 isonis.
790 3939 1029 4002 quontitataer'bt,
1044 3942 1232 4002 qoemeatertr
1244 3937 1337 3988 diebus

202 4005 395 4058 ”edisci-imino
404 4006 504 4056 attaris
513 4013 540 4056 et
549 4008 674 4057 aroevid.
684 4008 745 4059 isid.
791 4011 961 4055 comesturus
982 4021 1059 4068 aras,
1080 4012 1217 4074 sumptum
1239 4007 1338 4058 diaeti-

203 4074 275 4141 Orig.
289 4073 350 4139 XV,
364 4076 390 4138 4,
411 4073 485 4125 Serv.
500 4074 532 4124 ad
545 4073 616 4139 Virg.
633 4078 696 4126 Aca.
712 4075 746 4140 ii,
790 4075 858 4136 lius,
879 4075 1097 4140 quamsaetorus
1114 4091 1190 4141 aros,
1211 4090 1334 4141 repones,

202 4145 273 4208 515,
300 4143 387 4194 Sobel.
401 4144 433 4193 ad
448 4141 509 4193 Luc.
526 4141 571 4206 ili,
586 4146 647 4208 dol,
660 4160 685 4210 p.
696 4145 747 4195 2²6
791 4148 819 4194 et
829 4143 908 4193 dabie
921 4143 1019 4194 viduae
1027 4181 1035 4208 ,
1055 4146 1163 4210 pupillo
1176 4151 1227 4195 out
1239 4148 1335 4210 inopi,-

201 4213 242 4263 ad.
264 4211 370 4263 Weber.
791 4218 819 4262 at
846 4215 888 4262 sie
917 4215 1117 4264 eonsummabis
1152 4214 1337 4264 numilitatem

254 4281 315 4331 205.
336 4279 427 4348 limat]
437 4280 745 4510 WMQ'
791 4283 900 4333 animoa
913 4287 986 4345 tuoe,
1002 4288 1034 4333 ut
1046 4286 1095 4349 qui
1104 4298 1138 4332 ear
1149 4298 1178 4333 eo
1189 4286 1335 4349 acceperit,
