2842 4778
204 337 279 380 svin
625 301 888 394 Pnohssdolttldd'.

290 504 365 569 Cod.
383 505 580 570 Mantuanus
597 506 633 570 ll.
652 508 744 586 (bibl
756 506 851 590 publ.)
868 506 965 569 chart.
983 506 1014 568 in
1032 514 1049 569 5
1067 505 1131 569 loll.
1147 517 1257 570 octoa.
1275 507 1351 571 uit..

205 601 350 666 tochaecn
368 603 433 665 siae
449 603 544 666 titulis
560 604 703 667 continet.
730 603 824 688 Supra
841 603 933 666 minio
949 602 1060 665 rubroc
1080 601 1339 678 Pmamssussin

204 719 300 782 marg.
319 701 446 763 dextro:
470 700 628 778 Historia,
647 688 807 764 adfinem:
830 699 1000 785 ttrptteut
1012 698 1165 763 historiae
1175 701 1343 784 prudentii

208 801 301 858 1441.
328 795 409 858 lnest
431 814 547 877 quoqne
570 796 766 877 fragmentum
791 794 1041 879 psychomachiae
1065 800 1082 854 4
1108 793 1171 857 loll.
1195 794 1336 878 explens.

205 884 319 971 Supras
338 886 513 952 Prudicius
525 889 741 973 psteomaehie.
768 887 909 972 Sequitur
926 887 1081 971 praelatio,
1099 887 1168 949 dein
1184 889 1249 973 ipsa
1261 885 1340 973 Psy·

204 975 377 1046 chomachia
400 1003 494 1066 usque
516 983 597 1047 adv.
621 990 699 1048 123:
725 983 840 1067 septem
862 982 1017 1046 novissimi
1033 1005 1085 1049 vv.
1104 982 1210 1046 mutili.
1230 983 1337 1048 Parum

206 1086 366 1140 accuratus
382 1088 441 1141 est.
506 1084 509 1090 '

234 1195 236 1200 ’
291 1196 365 1260 Cod.
380 1195 562 1282 Angetieus
574 1197 610 1259 ll.
623 1205 653 1259 5.
666 1201 718 1259 26.
737 1195 833 1261 chart.
849 1197 963 1260 formae
976 1195 1176 1262 duodenariae
1191 1216 1255 1268 sec.
1265 1193 1335 1258 XV.

205 1289 452 1354 Exhibctantem
475 1291 569 1374 prael.
588 1289 719 1352 omniurn
737 1289 889 1373 Prudentii
907 1312 973 1375 opp.
998 1313 1072 1354 voce
1094 1291 1188 1374 prima
1205 1289 1336 1353 omissas

208 1385 466 1472 Quinquennis
451 1405 513 1446 sant
544 1383 648 1457 decem
673 1382 861 1466 negligenter
891 1396 992 1448 tamen
1017 1384 1235 1468 conscriptam
1269 1382 1338 1447 dein

206 1481 300 1563 praet.
319 1475 591 1562 Psychomachiae,
615 1496 701 1557 quain
719 1477 833 1561 excipit
849 1477 1111 1563 psychomachia·
1102 1498 1167 1562 ipsa
1190 1499 1255 1569 cum
1277 1478 1339 1563 epi·

204 1593 335 1680 prophe:
351 1596 433 1680 finis
452 1593 619 1679 prudentii
639 1568 767 1657 ittam
791 1601 902 1660 maias
932 1605 1025 1661 1473.
1056 1598 1101 1660 Ec
1120 1616 1214 1679 usque
1231 1603 1268 1658 51
1287 1615 1338 1680 pa·

205 1692 301 1775 geilae
318 1690 458 1774 expletae
474 1699 554 1752 sunt.
585 1687 739 1757 Prudentii
764 1690 1030 1775 psychomachiam
1053 1691 1167 1775 excipit
1181 1691 1339 1806 symbulus

200 1786 349 1872 puttepts·
362 1795 497 1871 pastun.-
528 1805 586 1866 quo
612 1785 715 1848 finito:
742 1808 821 1873 supp
824 1789 932 1851 li'eatm
956 1789 999 1850 ad
1024 1791 1178 1873 uirginem
1207 1791 1339 1852 mariam

203 1884 395 1949 Lactantius
406 1881 450 1944 ad
461 1901 562 1966 pusca
566 1882 772 1965 felicitatem.
788 1885 819 1947 d.
838 1885 891 1950 llis
907 1885 1053 1949 absolutis
1068 1885 1209 1949 librarius
1226 1885 1339 1951 duobus

205 1974 365 2039 'versiculis
381 1986 603 2037 monumentum
620 1976 676 2040 sibi
694 1977 794 2060 posuit
805 1984 826 2036 ε’

375 2070 523 2155 Quisquis
539 2093 611 2133 unes
627 2073 728 2134 tector
742 2075 909 2155 scriptoris
923 2094 1054 2136 nascere
1069 2083 1181 2138 ιιιιιιιὲιι
1241 2121 1244 2127 ⁴

416 2164 637 2228 Cistareiensis
651 2165 820 2230 inonachus
836 2167 991 2249 ipsesuit.

205 2265 329 2346 Reliqua
354 2260 717 2325 fuissentsummum
743 2262 894 2325 Pascdale
916 2263 1029 2346 explet.
1071 2262 1209 2327 Codicem
1238 2273 1338 2327 autern

204 2356 380 2424 melioribus
396 2356 577 2433 adnumero,
602 2366 634 2418 ut
648 2356 696 2439 qui
714 2376 755 2419 ex
771 2366 889 2420 vetusto
906 2360 1070 2444 exemplari
1087 2358 1255 2442 descriptus
1271 2376 1339 2423 csse

191 2455 354 2528 uideatur.
376 2452 455 2515 'Vix
478 2451 569 2514 alium
594 2472 630 2515 eo
647 2453 744 2516 minus
760 2466 900 2520 accurate
922 2454 1070 2520 Arevalus
1086 2456 1228 2543 contulit3
1260 2467 1339 2520 atra-

205 2564 308 2617 mento
331 2550 470 2613 nimirum
495 2549 573 2612 davo
595 2550 693 2632 potius
716 2571 802 2632 quam
828 2551 914 2634 nigro
937 2552 1067 2636 scriptus
1085 2550 1213 2634 indeque
1229 2552 1338 2635 passim

205 2643 335 2709 difficilis
357 2645 436 2707 lectu
457 2653 513 2705 est,
544 2640 765 2724 Orthographia
787 2642 822 2704 'ad
847 2643 1046 2708 vetustiorum
1071 2643 1218 2706 radonem
1240 2645 1338 2709 ubivis

206 2739 358 2821 adspirat,
377 2738 401 2802 si
419 2735 575 2818 excipias,
599 2735 676 2817 quod
692 2734 768 2797 haud
786 2756 856 2799 raro
871 2760 903 2798 ss
919 2736 1044 2800 exhibet
1059 2759 1112 2820 pro
1128 2761 1164 2800 aa.
1197 2737 1339 2821 Explica-

206 2833 305 2897 tioncs
327 2831 559 2908 interlineares,
584 2848 659 2911 quae
684 2831 751 2892 inde
767 2852 795 2892 a.
813 2854 844 2895 v.
866 2839 1032 2895 115...300
1049 2843 1230 2910 occurrunt,
1254 2834 1338 2916 parvi

206 2930 312 2992 lacius.
344 2925 491 2990 Obbarius
512 2923 591 2985 hunc
614 2924 680 2985 cod.
705 2926 782 2988 male
806 2926 885 2989 Vat.
903 2928 1027 3012 Angal.
1053 2927 1236 2990 denominat.
1260 2927 1336 2991 Bibl.

204 3019 444 3085 Vaticana-enim
455 3019 544 3100 longe
558 3016 648 3079 distat
663 3018 700 3080 ab
714 3015 871 3103 Angelius,
889 3019 991 3104 Tiberi
1005 3020 1111 3105 quippe
1124 3020 1315 3085 intermedio.
1391 3071 1393 3075 .

294 3131 367 3194 Cod.
390 3129 465 3194 Hrb.
481 3136 542 3191 666
559 3127 682 3191 menihr.
704 3131 767 3193 toll.
787 3141 886 3195 octon.
903 3130 1010 3194 maior.
1028 3154 1091 3195 sec.
1105 3133 1176 3196 XV.
1195 3135 1226 3196 lu
1243 3133 1338 3218 primo

206 3240 238 3293 a
260 3228 395 3293 secunao
423 3224 481 3288 an
516 3223 773 3291 rnVnaarn
803 3226 1054 3293 oercVuu
1080 3217 1360 3295 cananaeus

207 3324 349 3409 Hymnus
365 3319 409 3383 acl
424 3318 513 3382 Gutta·
525 3329 649 3381 cantum
665 3309 808 3404 Hymnus
823 3320 868 3383 ad
881 3319 1086 3385 Mattutinurn
1107 3320 1249 3399 Hymnus
1265 3335 1338 3385 ante

208 3416 318 3483 Cibum
345 3416 488 3501 Hymnus
498 3427 575 3500 post
591 3415 698 3479 Cabum
728 3416 867 3502 Hymnus
882 3417 961 3478 ad'
947 3424 1155 3480 incensionem
1172 3418 1339 3482 Lacernae

205 3513 348 3626 Hymnus
364 3518 438 3573 ante
454 3508 600 3572 Somnum
622 3507 765 3594 Hymnus
779 3511 989 3574 Ieiunantaum
1012 3509 1155 3596 Hymnus
1163 3522 1240 3596 post
1256 3513 1338 3575 Imu-

205 3607 290 3672 nium
312 3607 455 3716 Hymnus
470 3607 503 3666 in
520 3626 601 3666 ιιιιιιιι
599 3599 698 3665 'dora
717 3604 859 3689 Hymnus
875 3607 967 3668 cirea
978 3610 1129 3692 exequias
1144 3617 1337 3670 nummorum

206 3702 347 3787 Hymnus
368 3702 400 3763 in
415 3699 518 3760 natali
516 3697 659 3760 ''dominz
679 3697 822 3784 Hymnus
844 3698 882 3759 de
863 3684 1082 3831 18Epiphania
1105 3700 1223 3796 damini
1235 3699 1337 3764 PAS-

205 3842 275 3908 SIO
291 3839 472 3906 SANCTI
477 3838 514 3901 V
512 3838 706 3904 INCENTI
718 3791 895 3904 MARTY.
924 3840 1032 3903 Passio
1046 3840 1162 3904 Sancta
1169 3841 1341 3905 Laurentia
1406 3892 1408 3896 .

205 3935 377 4047 Martyris
385 3934 493 3997 Passio
511 3934 624 3998 Sarscti
639 3934 760 4019 Happel
759 3938 803 3998 ιιι
747 3935 1008 4019 I·'.P7esdytcrs
1028 3935 1139 3999 Passio
1152 3935 1264 4000 Sancti
1275 3935 1338 4020 Cy·

200 4032 311 4115 priores
308 4028 499 4113 “Martyres.
534 4026 645 4089 Passio
662 4027 851 4090 Sanctorum
866 4027 1077 4110 apostulorum
1092 4027 1187 4092 Petri
1198 4039 1231 4091 et
1244 4027 1342 4091 Pauli

204 4127 315 4189 Passio
332 4124 530 4188 Sanctorum.
548 4123 649 4186 XIII.
667 4123 852 4208 Martyrum
871 4115 1238 4208 caesaraugustanorum
1262 4123 1337 4187 Pas·

92 4268 95 4275 .
202 4224 252 4282 sio
275 4220 391 4297 Sancte
427 4218 578 4301 Virginis
604 4213 721 4301 Agnes
752 4217 877 4281 Versus
907 4217 1113 4282 Constantine
1139 4218 1341 4283 Constantini

78 4311 291 4506 “um
313 4312 351 4376 In
374 4312 490 4376 honore
519 4307 656 4372 Sanctae
675 4308 810 4395 Agnes.-
838 4310 877 4375 In
904 4308 1032 4398 Apsida
1055 4311 1217 4378 Basilicus
1238 4314 1339 4399 ipsius
