2842 4808
214 281 275 342 276
577 274 652 327 billi.
667 273 847 327 ritbbdttrlt
864 273 965 326 ctlttt

298 462 421 528 Nexuit
436 468 468 525 et
483 464 616 526 domitos
634 465 772 525 lratcrna
788 465 819 525 ln
835 464 938 525 vinela
955 463 1087 537 redegit.

214 574 264 623 olo
363 558 489 622 Vivitur
504 561 680 635 omnigenis
697 561 726 620 ln
743 560 895 635 partibus,
914 558 994 621 lraud
1012 571 1104 619 secus
1121 571 1157 617 ac
1173 558 1199 618 si

299 653 385 713 cives
401 653 586 727 congenitos
603 653 769 714 concludat
785 653 947 713 moenibus
963 654 1033 713 mris

300 749 375 811 urbs
390 750 492 824 patria
509 753 603 824 etque
618 764 727 810 omnes
745 750 810 810 lare
826 750 1028 810 conciliemur
1043 749 1139 808 avito.

298 841 463 905 Distautes
478 845 607 920 regione
622 845 732 919 plagae
748 845 910 919 divisaque
925 848 1019 920 ponto

300 937 405 999 littora
422 939 612 999 conveniunt
627 952 710 998 uurrc
727 951 782 1013 per
797 938 973 999 vadimonia
988 937 1025 998 ad
1042 950 1138 997 uuum

215 1047 265 1096 ors
300 1037 332 1095 et
347 1049 502 1095 conrnune
518 1034 632 1109 lorum,
651 1048 733 1095 rrunc
748 1048 804 1109 per
819 1034 994 1094 conmercia
1011 1036 1042 1092 ot
1057 1035 1153 1104 antee,

299 1131 336 1190 ad
353 1135 475 1192 coelum
491 1131 656 1204 celebrem,
675 1146 757 1191 nuuc
773 1144 828 1206 per
841 1130 979 1206 genialia
995 1130 1097 1190 lulcra

299 1226 422 1286 externi
439 1226 475 1284 ad
492 1226 542 1285 lus
558 1225 724 1286 connubii:
751 1239 821 1285 nam
838 1225 994 1299 sanguino
1010 1223 1108 1283 mixto

299 1319 420 1380 texitur
435 1318 566 1379 alternis
581 1333 620 1379 ex
636 1319 784 1394 gentibus
800 1332 862 1380 una
878 1332 1027 1394 propago.

363 1409 430 1472 lloc
446 1417 549 1473 actum
566 1416 616 1472 est
631 1412 727 1472 tantis
743 1412 943 1473 successibus
958 1415 1052 1485 atoue
1069 1406 1233 1482 triumphis

214 1520 264 1567 tao
298 1503 431 1567 Romani
448 1506 579 1580 inperite
605 1501 732 1566 Christo
749 1506 809 1566 iarn
826 1509 900 1566 tunc
916 1505 1065 1579 venienti,

298 1602 402 1678 crede,
421 1605 528 1676 parata
545 1602 593 1661 ria
610 1605 670 1676 cst,
690 1602 912 1676 quamdudum
929 1602 1050 1677 publica
1067 1604 1194 1662 nostrae

299 1696 385 1772 pacis
400 1695 537 1756 amicitia
553 1695 673 1755 struxit
688 1695 898 1756 moderamine
915 1691 1043 1755 Romae.

299 1789 381 1854 Nam
399 1792 485 1852 locus
500 1805 571 1851 esse
586 1787 653 1852 Deo
669 1792 738 1866 quis
754 1795 860 1866 posset
875 1792 906 1852 lu
924 1792 997 1852 orbe
1014 1791 1108 1852 ierocl

299 1886 538 1962 pectoribusque
554 1884 711 1946 bominum
728 1884 936 1959 discordibus,
955 1888 987 1944 et
1002 1898 1058 1945 sua
1075 1884 1144 1944 iura

214 1994 264 2043 ors
299 1981 441 2042 dissimili
458 1981 580 2042 ratione
596 1980 768 2055 tuentibus,
787 1984 823 2041 ut
839 1981 898 2040 luit
912 1979 1009 2040 olim?

300 2071 354 2137 Sic
370 2074 580 2148 inconpositos
596 2072 731 2133 humano
746 2073 778 2133 in
795 2076 920 2148 pectore
935 2085 1061 2147 sensus,

299 2167 534 2240 disiunctasque
549 2166 642 2226 anlml
662 2165 786 2226 turbato
802 2164 927 2227 loedere
943 2171 1061 2241 partes,

300 2277 357 2322 nec
372 2260 490 2336 liquida
506 2261 616 2321 lnvlslt
631 2261 795 2336 sapientia,
815 2275 872 2321 nec
888 2258 975 2323 Deus
992 2261 1100 2323 intrat.

361 2353 406 2416 At
420 2354 448 2415 si
466 2354 579 2415 urentis
595 2366 674 2428 apex
691 2354 841 2428 regnandi
858 2354 926 2415 iure
941 2354 1060 2429 potitus

213 2460 264 2509 oso
301 2448 453 2525 pugnacis
469 2448 620 2509 stomachi
635 2446 747 2523 pulsus
763 2448 919 2523 librosque
934 2449 1064 2510 rebelles

298 2547 401 2609 frenet
416 2549 448 2607 et
463 2559 554 2607 onme
569 2546 656 2607 iecur
671 2547 793 2607 ratione
809 2550 953 2607 coerceat
968 2559 1041 2621 una,

299 2643 334 2703 lit
348 2640 471 2702 stabilis
487 2640 572 2701 vitae
587 2643 691 2702 status
707 2645 739 2702 et
754 2642 910 2702 sententia
926 2643 1011 2700 certa

298 2737 403 2799 lraurit
418 2736 510 2796 corde
526 2731 625 2796 Deum
644 2733 777 2797 Domino
792 2738 825 2796 et
840 2735 1042 2809 subiungitur
1058 2733 1123 2794 uni.

359 2828 411 2893 En
427 2831 502 2891 ades
519 2831 726 2907 omnipotens,
745 2831 951 2893 concordibus
966 2829 1062 2891 inllue
1078 2827 1187 2889 terris:

281 2987 341 3036 612.
361 2985 537 3034 conciliamur
549 2983 587 3048 Ε,
607 2983 816 3036 concilienturlt
830 2983 886 3035 Gis.
902 2982 998 3047 (ἔτεος.
1014 2984 1108 3034 Amstr.
1213 2982 1272 3032 dil.
1288 2983 1337 3031 Ao-

212 3059 285 3105 terni
295 3053 315 3104 l.
420 3052 481 3102 619.
500 3058 610 3103 auctum
625 3069 651 3103 o.
768 3055 828 3104 old.
848 3058 901 3103 iam
917 3059 980 3103 tunc
992 3071 1010 3103 u
1022 3069 1038 3105 a
1051 3071 1066 3102 u
1080 3067 1135 3102 eum
1149 3052 1221 3117 impr.
1236 3059 1340 3118 praeter

210 3127 289 3173 Areu.
303 3126 428 3172 lamium.
553 3120 612 3171 622.
634 3122 699 3170 Paci
710 3121 830 3173 mendose
843 3121 917 3173 Teol.
1041 3122 1100 3172 623.
1118 3125 1236 3185 porceto
1250 3136 1265 3168 u
1278 3117 1337 3169 Ald.

209 3190 292 3254 Lugii.
308 3187 598 3240 superaddendis.
615 3188 709 3253 Grung.
724 3190 803 3242 (ibor.
820 3190 899 3241 Poett.
914 3191 1008 3241 bmstr.
1025 3190 1090 3240 cell.
1106 3192 1201 3252 Aren,
1219 3193 1308 3255 possit
1321 3206 1339 3236 α

211 3258 307 3310 Weita.
326 3259 414 3310 Heius.
430 3259 520 3309 Cham.
541 3260 602 3308 Ans.
622 3258 687 3310 obt.
810 3260 871 3310 ott.
892 3259 1099 3326 [lectoribusque
1110 3258 1181 3322 nid,
1201 3257 1339 3324 Prrieer'pe'·

212 3331 313 3395 itusque
326 3327 383 3378 Alli
397 3329 496 3378 emend.
511 3327 594 3387 Lupo.
712 3327 772 3379 ott.
793 3329 988 3395 Disiuncloque
1002 3330 1033 3379 Α.
1157 3326 1217 3378 629.
1235 3327 1295 3377 Aac
1306 3328 1337 3388 Α,

214 3395 258 3449 Ui.
273 3396 293 3446 E
310 3398 345 3447 la
449 3398 509 3448 634.
532 3395 589 3449 Una
601 3397 666 3447 ades
685 3397 742 3450 llil.
758 3397 839 3463 tegi.

262 3535 321 3584 uli.
348 3538 460 3584 eoetcrm'
483 3534 520 3585 ad
539 3538 582 3584 οἰκ
609 3532 750 3600 connubii]
795 3535 821 3598 l,
844 3536 876 3598 5,
902 3534 959 3586 Lir.
983 3531 1133 3594 xxxviii,
1154 3532 1203 3595 36,
1232 3531 1335 3584 Gruter.

209 3600 379 3653 Rornanorum
393 3604 483 3670 quippe
501 3603 596 3654 nullum
611 3603 753 3668 antiquitus
795 3606 872 3655 inser.
893 3619 918 3654 n.
938 3604 996 3654 573.
1013 3603 1066 3654 55.
1097 3602 1241 3652 Antoninus
1259 3601 1339 3652 Cara·

209 3686 264 3721 cum
276 3671 376 3721 Latinis
389 3680 433 3721 aut
446 3672 588 3738 peregrinis
601 3672 751 3721 connubium
793 3674 861 3723 colla
876 3672 955 3738 legem
967 3671 1065 3739 quidem
1081 3671 1150 3720 iliam
1164 3670 1338 3738 depcrogrina

208 3739 256 3791 uisi
270 3740 419 3802 accusate,
440 3748 526 3806 postea
544 3740 575 3790 ab
597 3742 752 3806 imperatore
796 3740 906 3791 Romano
932 3757 979 3791 oon
999 3739 1111 3790 ducenda
1131 3739 1260 3795 abolevit,
1283 3739 1336 3789 rid.

207 3822 363 3859 oonoeesum.
386 3806 455 3858 Unde
470 3809 494 3857 in
507 3808 640 3859 Antonium
655 3809 750 3871 odium,
797 3810 914 3861 ileinecc.
926 3810 1005 3875 antiq.
1022 3808 1083 3859 ltorn
1103 3810 1198 3874 pili,
1213 3808 1273 3858 303.
1287 3807 1337 3857 Sed

208 3885 367 3944 contemptos
388 3877 413 3927 io
433 3875 518 3926 Titum
540 3877 570 3926 ob
590 3877 751 3945 Cleopatram
794 3877 920 3937 Macrob.,
938 3879 980 3944 qui
993 3878 1132 3928 Prudentio
1145 3877 1262 3944 aequalis
1277 3876 1337 3938 luit,

207 3954 233 3996 et
246 3946 394 3996 Berenicen.
421 3945 478 3996 vid.
501 3946 747 3998 Senectutem.
794 3964 849 3998 eum
870 3946 989 3997 [iomanis
1007 3946 1157 4014 peregrinos
1176 3946 1273 3997 nnllam
1292 3945 1339 3995 be-

208 4012 315 4077 tV,35:
335 4015 456 4065 Promisi
474 4015 630 4077 libiflh’am
650 4018 750 4065 inme·
793 4016 855 4066 bere
879 4017 1086 4067 consuetudinem
1113 4016 1226 4081 reliquit.
1259 4014 1336 4063 l‘rnd.

207 4086 380 4146 telamonium,
405 4089 501 4148 postea
523 4087 683 4147 peregrinos
703 4101 750 4148 ase·
793 4093 863 4136 certe
884 4085 915 4134 de
935 4086 1034 4134 externi
1049 4085 1105 4135 iure
1125 4084 1244 4135 connubii
1260 4083 1336 4133 sicuti

204 4156 335 4216 paruisti.
349 4150 749 4204 Noneetmr'lricumeoetranco
793 4153 824 4204 de
842 4169 870 4203 rc
893 4169 955 4203 nove
978 4154 1015 4204 uti
1039 4153 1071 4203 dc
1092 4152 1227 4219 Evangelii
1252 4152 1337 4204 lroctu

206 4222 376 4271 connubium.
391 4220 491 4272 Eadem
505 4236 547 4270 ene
559 4219 604 4270 lece
614 4221 747 4284 defendit,
792 4222 913 4288 loquitur.

206 4303 274 4355 quae
293 4295 377 4345 uetat.
404 4288 461 4340 vid.
483 4288 584 4356 Ulpica.
608 4287 697 4353 fragm.
714 4288 746 4351 V,
843 4292 902 4342 628.
925 4291 1039 4357 sapient.
1057 4294 1081 4356 l,
1094 4293 1121 4342 l.
