2842 4808
134 300 208 351 (ᾺΡ.
227 300 270 351 ΙΙΙ.
293 300 335 351 DE
349 301 522 353 coaternus
538 301 609 352 diss.
626 301 670 352 ΕΤ
686 301 899 353 aotttodrssus
914 301 1105 356 Panaenus.
1151 308 1236 352 xuvn

99 487 188 560 tiles}
215 485 318 549 Finit
325 485 483 549 Romanus
503 486 637 550 ΑιιιιιΙίι
658 488 824 551 Prudemis
845 484 1024 551 Clementis.
1058 471 1103 552 V
1121 489 1236 570 Incipit

98 568 156 649 ὦ.
166 587 403 671 Peristcfanon.
418 588 588 674 lippinus
573 612 604 652 sn
619 571 869 652 honorem
777 599 871 653 scoru
886 598 1032 675 osortpsni
1042 589 1190 653 Ernitessi
1203 601 1236 654 et

98 679 270 743 chelidonii.
297 680 600 795 Calagurritanorsi.
631 684 750 766 Incipit
763 686 873 767 passio
890 682 1051 747 Laurenti
1064 685 1238 749 beatissimi

98 777 288 839 martarus·
316 776 502 865 Hymnus
487 799 518 840 ιιι
543 777 662 840 donare·
680 779 838 861 passionis
860 776 1009 841 Eulaliae
1040 779 1237 843 beatissimae

98 878 266 974 martyris.
290 871 385 974 Ιιιιῆἶ
398 891 506 973 passio
528 867 578 950 ici·
599 888 756 951 Vincenti
775 890 937 972 martyris.
970 889 1112 975 Hymnus
1134 891 1166 952 in
1181 890 1236 953 do·

97 1005 179 1047 nore
192 981 298 1048 ιΐιιιὶ.
312 983 358 1048 Χ.
377 994 408 1046 ct
425 993 494 1046 octo
510 992 686 1066 rnartpsusn
709 995 1118 1067 caesaraugustanorum
1150 984 1238 1049 Finit

93 1079 207 1161 passio
226 1077 332 1140 scari.
358 1068 493 1140 XVIII.
526 1076 644 1160 Inscipit
660 1097 771 1160 passio
795 1097 906 1160 agnes.
930 1072 1020 1141 Finit
1035 1080 1146 1161 passio
1163 1077 1235 1163 Ag-

97 1167 314 1254 neeIncipst
329 1169 498 1273 lupianus
483 1192 515 1232 ιιι
537 1170 656 1233 donare
671 1171 890 1232 beatissimam
905 1180 1050 1257 sseartprst
1064 1171 1238 1234 Fructuosi

99 1303 151 1367 eps
181 1283 287 1344 eccloc
317 1282 566 1346 Tarraconensis
593 1293 623 1345 ct
650 1282 736 1366 Aug
712 1284 799 1344 ιιιιι·
826 1292 859 1344 et
880 1282 1019 1368 Eulogii
1045 1285 1231 1347 diaconumt.

101 1398 281 1486 lippinus
265 1424 297 1465 sn
320 1402 440 1467 donari
459 1403 585 1484 Quaerini
606 1402 779 1465 beatissi'ms
797 1404 949 1487 odorastis
970 1424 1019 1487 eps
1016 1404 1149 1468 scalae
1164 1404 1235 1470 Sci·

98 1514 241 1575 scionoc.
267 1510 351 1575 tants
359 1516 471 1596 passio
489 1514 643 1595 Quirini
629 1517 711 1596 ιιιιίιι
736 1512 887 1576 Cassiani
897 1513 981 1577 Foro
1001 1512 1232 1578 Cornelscnsis.

98 1606 262 1691 Empticit.
293 1606 411 1691 Incipit
426 1606 495 1670 del
481 1609 548 1670 loco
565 1609 597 1670 in
614 1628 701 1693 quo
691 1605 848 1670 Martires
867 1629 955 1692 passe
952 1610 1045 1670 assit
1060 1629 1142 1672 nrsnc
1159 1609 1235 1672 tat-

100 1698 229 1761 tioterici
251 1720 292 1760 ..a
323 1697 382 1761 Aa
397 1697 576 1761 Valeriana
598 1695 683 1782 epam
704 1699 743 1760 de
757 1703 907 1783 passione
930 1699 1100 1786 llpppoliti
1119 1701 1235 1766 deotis-

98 1794 175 1855 sisni
187 1793 351 1875 martyris.
376 1792 486 1855 Passio
503 1793 631 1855 dentosis
644 1794 854 1877 apostolorum
873 1794 967 1857 Petri
973 1805 1006 1858 ct
1027 1796 1130 1859 Pauli·
1155 1796 1234 1860 Pas·

98 1887 148 1947 aio
163 1885 251 1949 beuti
261 1883 417 1969 Cypriani
428 1888 589 1969 snartpris.
604 1886 654 1949 Dc
666 1886 826 1969 opusculis
836 1889 903 1949 suis
912 1886 1129 1951 Prudentius.
1147 1888 1236 1953 Finit

99 2015 214 2069 contro
236 1988 324 2090 spii.
342 2006 480 2088 Incipiat
496 2004 585 2068 tituli
603 1992 780 2067 *istoriarsi
805 2005 963 2090 Epilogus
985 2007 1021 2069 td
1041 2009 1186 2072 clausula
1200 2021 1244 2074 ut·

87 2099 173 2185 fias}
195 2101 280 2163 libri.
307 2099 378 2181 (litt.
405 2099 514 2161 minus.
541 2120 599 2161 non
625 2092 790 2178 miniat.).·
813 2099 876 2162 Ode
899 2103 931 2163 in
954 2123 1022 2189 qna·
1034 2113 1131 2187 pocta
1148 2103 1187 2167 de
1202 2125 1236 2166 sa

99 2194 241 2279 topatus·
262 2200 356 2269 (man.
373 2197 465 2272 rea).
484 2224 530 2241 ·-
554 2193 602 2255 Bis
624 2203 709 2255 extat
729 2193 886 2276 Epilogus:
912 2215 947 2256 ac
969 2194 1094 2278 primum
1117 2196 1234 2278 quidem

98 2300 167 2374 post
182 2288 255 2352 libb.
273 2300 377 2352 contra
393 2287 624 2371 Symmachum,
650 2288 733 2370 quasi
751 2307 854 2350 eorum
877 2288 1028 2366 clausula,
1054 2303 1121 2374 post
1136 2291 1234 2361 Ditto·

98 2386 236 2462 chaenn,
267 2383 352 2466 qnasi
374 2381 506 2445 omnium
530 2384 695 2446 carminum
728 2382 807 2445 finis.
855 2382 979 2448 Giossae
1004 2386 1183 2468 marginales
1205 2396 1235 2451 et

98 2480 313 2545 interlineares
335 2477 432 2542 ubivis
455 2480 564 2542 adsunt
585 2499 693 2561 magna
716 2498 757 2540 ex
780 2489 862 2561 parts
879 2479 1018 2556 eaedem,
1042 2499 1118 2561 quae
1134 2476 1235 2543 isonis

99 2596 169 2639 esse
188 2584 350 2658 'putantum
388 2573 521 2657 Singulis
544 2575 730 2636 'carminibus
760 2585 922 2637 metrorum
951 2574 1118 2657 'explicatio
1147 2595 1234 2658 prae·

98 2670 225 2753 scripta.
250 2670 289 2733 Et
301 2666 470 2751 quamvisa
485 2666 607 2731 librario
624 2679 764 2731 accurato
777 2688 811 2730 ac
828 2668 914 2731 docto
931 2678 1013 2733 esset
1027 2679 1182 2746 exaratus,
1202 2669 1232 2733 in

100 2769 201 2831 maltis
223 2767 299 2830 locis
322 2765 503 2829 comestoris
519 2785 639 2849 operam
656 2777 799 2849 expertus
817 2776 882 2843 est,
908 2766 948 2828 ita
966 2775 1081 2841 umen,
1108 2775 1231 2848 atquae

98 2865 183 2949 prior
205 2864 265 2940 sit,
296 2882 373 2946 quae
394 2862 544 2945 posterior
568 2861 657 2925 lectio
679 2862 759 2925 incili
785 2861 907 2945 negotio
930 2862 1103 2925 discernere
1119 2859 1229 2943 possis.

97 2958 274 3022 Moderatus
291 2965 356 3018 erat
370 2963 525 3018 corrector
540 2966 628 3037 atque
645 2956 733 3017 homo
746 2954 880 3017 criticus.
907 2954 1055 3017 indicatae
1068 2952 1144 3015 haud
1161 2974 1232 3018 raro

97 3062 170 3117 sunt
185 3073 268 3115 sarr.
287 3051 358 3114 lect.
381 3049 598 3133 Nonnunquam
615 3062 719 3135 aperte
735 3051 765 3113 in
781 3071 877 3133 marg.
895 3049 1005 3113 dicitnr
1027 3050 1088 3112 alii
1108 3050 1232 3112 codices

98 3149 232 3231 tegunt,
255 3163 310 3205 nen
334 3164 392 3205 non
409 3144 486 3218 alii,
510 3154 561 3205 ant
585 3141 798 3226 supraponitur
821 3142 1110 3226 inauspicati.
1151 3144 1232 3206 inter

97 3259 204 3303 omues
226 3238 310 3301 Rom.
328 3237 481 3302 Prudentii
506 3238 590 3300 codd.
617 3238 695 3300 hiano
716 3240 963 3323 putooptimnm.
1003 3240 1148 3313 Marietus
1165 3258 1230 3302 eum

97 3353 158 3394 non
181 3329 306 3405 habuit,
331 3329 432 3392 habuit
454 3327 602 3392 Arsanias
624 3341 655 3391 ct
677 3331 907 3418 maiesontulit.
932 3332 1082 3413 Exigebat
1098 3336 1231 3416 proiecto

98 3426 165 3534 plus
201 3423 377 3505 diligentiae
407 3435 496 3506 atque
526 3423 728 3502 assiduitatis,
767 3446 834 3532 qua,
856 3425 899 3487 idi
935 3425 1116 3488 eiuscemodi
1147 3429 1230 3510 operi

97 3522 255 3604 imponere
279 3517 309 3580 ia
333 3518 432 3581 animo
456 3518 528 3596 luit,
553 3518 660 3601 quippe
676 3519 770 3581 cuius
793 3519 821 3580 in
844 3517 1016 3581 membrana
1039 3520 1119 3581 fulva
1141 3532 1231 3604 atque

98 3613 196 3675 lurida
225 3611 391 3674 litterarum
423 3610 604 3674 infossarnm
635 3611 801 3694 recognitio
825 3631 941 3672 summo
970 3611 1000 3674 in
1026 3610 1128 3673 labore
1150 3624 1231 3677 osset

98 3709 209 3792 positu.
236 3703 456 3790 Orthographia
480 3716 636 3768 servatur:
659 3724 680 3766 ιι
698 3726 784 3787 proc
799 3704 1016 3788 pullulascat
1041 3725 1104 3787 ap.
1131 3710 1231 3769 icon·

93 3803 290 3885 fatedsinurp
313 3821 374 3884 op.
390 3821 411 3862 u
427 3799 576 3876 lacerna,
600 3819 660 3881 ep.
674 3820 685 3860 ι
701 3821 764 3883 neg
766 3800 886 3882 legare,
894 3797 1046 3879 fatescat,
1061 3805 1229 3908 genitura,

96 3896 304 3968 succisiones,
322 3892 534 3978 treptolensus,
551 3881 749 3977 ¹relegiosus3
774 3912 830 3973 cp.
842 3912 859 3951 o
870 3892 1012 3975 pignam
1021 3919 1032 3968 ‚·
1057 3914 1067 3954 ι
1082 3912 1110 3974 p.
1124 3917 1140 3956 ι
1158 3898 1229 3970 tris,

96 3988 224 4053 mobilis
239 3985 343 4070 (Nom.
358 3997 389 4049 et
398 3985 470 4049 Aac.
484 3986 590 4069 plum),
609 3987 718 4060 onmis,
735 3984 880 4061 dorssinis,
899 3984 1073 4062 isndecillis,
1091 3985 1228 4069 dispnat,

91 4084 260 4167 pleurisis,
276 4074 414 4155 citatas,
431 4080 659 4165 septimplicssp
675 4081 690 4139 i
699 4099 727 4160 p.
743 4079 770 4137 ii
783 4069 874 4159 (Gen.
889 4077 969 4160 sing.
984 4077 1014 4139 in
1029 4098 1108 4139 nom.
1127 4100 1228 4163 propr.

96 4191 129 4241 et
144 4176 305 4262 appellat.)
320 4178 444 4262 irnperi,
456 4175 576 4260 palati,
595 4175 638 4249 di,
657 4173 748 4247 ιἰἰιιιι,
767 4178 851 4236 aeris
867 4172 970 4253 (Nam.
989 4186 1019 4237 et
1034 4175 1103 4237 Dat.
1122 4173 1229 4258 plur),

96 4273 162 4351 dis,
179 4271 296 4348 isdem,
315 4270 346 4336 in
363 4269 432 4334 vbi.
449 4269 590 4345 adicere,
615 4269 702 4341 enit,
727 4270 859 4346 conicit,·
884 4271 899 4330 i
912 4290 946 4353 p„
959 4291 979 4331 u
994 4271 1229 4354 centiplicatos,
