2842 4808
490 567 765 622 rualsrurllltloll
784 569 818 622 Χ.

347 758 507 838 „Animae
521 759 667 835 salutem,
685 757 751 819 sola
768 770 848 833 quae
864 770 924 818 non
940 757 1065 832 moluit,

261 857 341 934 „set
356 858 431 933 luge
446 858 563 919 durans
579 856 720 931 dispares
736 867 830 915 casus
845 853 941 930 subit,

261 958 343 1029 „aul
359 954 427 1014 luce
443 953 554 1030 fulget,
572 955 629 1013 aut
642 950 781 1012 tenebris
798 951 962 1026 mergitur.

261 1044 451 1124 „Christum
467 1052 576 1111 secuta
592 1044 699 1109 Patris
714 1046 971 1123 intratglorlam,

262 1143 444 1218 „alslunota
460 1137 588 1204 Christo
603 1140 799 1216 mancipatur
813 1143 945 1203 tartaro.
1168 1148 1219 1199 tra

349 1233 524 1314 „Curanda
540 1237 816 1315 monoloquium,
833 1251 987 1314 quaenam
1003 1235 1077 1297 milli

262 1336 452 1412 „contingat
466 1335 539 1397 oilm
555 1334 691 1411 perpetis
707 1334 918 1396 substantiae:

263 1444 362 1505 „nam
378 1430 517 1492 memora
532 1429 620 1506 parvi
636 1429 748 1506 penio,
766 1443 829 1505 quo
843 1432 934 1505 paeto
948 1427 1071 1501 cadant,

264 1539 402 1601 „casura
419 1529 505 1587 certe
520 1526 590 1601 lege
605 1527 737 1586 naturae
751 1538 840 1587 suae.

264 1614 393 1693 „Instat
408 1619 510 1695 ruina,
529 1618 611 1694 quod
627 1617 843 1680 resolvendum
859 1620 920 1694 eat,
936 1618 1019 1677 ruat.
1062 1644 1068 1658 ι
1171 1621 1221 1674 aaa

349 1710 443 1786 „Neo
458 1712 565 1788 dietat,
583 1712 668 1788 ignis
683 1715 715 1772 el
730 1711 873 1774 iidiouiae
888 1711 1042 1784 saeviant,

262 1820 328 1880 „an
345 1820 458 1881 cornus
473 1820 604 1882 aegrum
619 1806 753 1881 languor
766 1819 858 1883 asqer
872 1808 1029 1881 torqueat,
1044 1797 1046 1800 ’

262 1914 360 1974 „oum
376 1915 469 1977 saepe
484 1902 608 1962 morinos
623 1901 723 1961 maior
738 1904 839 1962 armet
854 1900 1002 1961 saevitas.

263 1994 361 2072 „Non
377 1998 567 2074 ungularum
582 2000 669 2058 tanta
687 1997 736 2058 vis
751 1997 834 2058 lalus
851 1996 939 2072 lodii,

164 2171 224 2218 iil.
245 2173 331 2219 intret
345 2168 421 2219 Char.
436 2169 522 2220 Paeti.
622 2171 683 2220 416.
701 2167 827 2220 Carraria
839 2167 942 2234 suprad
954 2167 1018 2218 dnm
1030 2182 1071 2230 ως
1092 2164 1222 2217 Curanda

96 2253 194 2288 ruaraes
208 2240 295 2304 qualis
315 2243 487 2305 ecquaenam
506 2239 576 2289 milti
593 2237 686 2301 castis.
705 2237 820 2296 Canai„
846 2237 936 2305 qualis
954 2253 986 2286 ao
1006 2251 1138 2303 quaenam
1156 2235 1226 2283 milti

96 2307 162 2357 cani.
180 2305 267 2356 ilelns.
373 2308 433 2358 ltu.
453 2315 529 2358 eerta
544 2305 614 2357 ioli.
629 2304 727 2358 Waltz.
742 2307 850 2370 Amata„
864 2306 909 2357 sed
922 2304 973 2357 eir.
987 2305 1017 2357 ll.
1032 2302 1114 2371 praei.
1132 2303 1171 2352 li.

147 2376 208 2425 480.
228 2375 309 2425 radat
322 2377 339 2425 ll
352 2382 441 2443 (snpra
454 2377 515 2440 alt.)
528 2391 544 2442 q
556 2390 644 2440 merga
657 2375 735 2426 trium
748 2375 819 2426 siet.
946 2375 1007 2426 481.
1027 2377 1103 2439 Ques
1116 2371 1191 2435 Prag.
1208 2371 1223 2420 b

97 2448 141 2495 im
156 2463 170 2495 u
187 2444 242 2494 Gis.
258 2444 371 2506 Waltz.;
391 2446 559 2508 alfidiaulae
570 2447 592 2496 Α
605 2443 625 2494 ll
640 2443 717 2496 baur.
739 2444 881 2510 uubmqu
899 2445 958 2496 lli.
973 2444 1054 2508 Lugd.
1072 2441 1140 2492 Lati.
1155 2438 1223 2508 (ieie

89 2514 224 2578 fidaeule)
239 2515 306 2564 Sion.
318 2522 370 2565 tres
385 2515 440 2566 llis.
456 2514 552 2566 Weiiu.
569 2512 646 2564 Char.
667 2512 750 2564 Poeit.
766 2516 858 2565 Amatr.
880 2514 959 2565 Arev.
973 2512 1038 2563 ott.
1054 2510 1225 2578 [crealiter

97 2582 236 2631 Grammai.
257 2599 298 2647 ap.
320 2582 414 2633 ldsium
433 2583 508 2645 vill,
531 2581 650 2649 p.illl]‚
675 2580 955 2645 aufidieulaeVall.,
983 2578 1222 2644 elfldielaei'rsu.

99 2650 183 2700 Helas.
201 2650 288 2700 cnam.
304 2651 368 2701 Caii.
476 2654 536 2702 lut.
557 2654 656 2715 langor
667 2667 682 2716 q
695 2666 712 2699 u
724 2650 782 2702 ild.
797 2649 879 2715 Lugd.
991 2651 1052 2702 lot.
1072 2645 1223 2698 saevitasii

97 2735 112 2784 q
126 2718 211 2769 Weila
244 2722 310 2768 aoni.
326 2720 422 2771 Carrei.
439 2719 525 2770 Heius,
540 2719 604 2770 Call.
625 2721 702 2770 Arev.
718 2718 801 2782 utin,
826 2724 943 2770 saeuitia
955 2719 972 2768 B
986 2718 1006 2768 ll
1020 2717 1054 2769 W
1072 2725 1134 2768 cett.
1148 2716 1223 2767 eodd.

97 2802 137 2854 ap.
154 2788 242 2838 Heius.
265 2795 291 2837 et
310 2788 374 2838 0bb.
395 2804 449 2839 eum
472 2789 549 2838 Lsnr.
565 2787 635 2837 vall.
650 2805 667 2837 u
681 2803 695 2837 a
708 2787 724 2837 b
738 2802 790 2836 mu
809 2795 836 2838 et
855 2789 935 2854 reiqq.
950 2788 1007 2838 edd.
1024 2787 1072 2838 nisi
1086 2789 1152 2852 qaod
1166 2782 1222 2835 Gis.

97 2859 121 2976 ibn
136 2873 217 2977 unffi.
233 2860 362 2920 suavitas,
380 2858 443 2909 Cum
458 2874 536 2921 saeue
548 2858 658 2907 maletus
670 2860 761 2907 maior
772 2872 806 2906 ae
816 2861 931 2908 saeuitia
946 2856 1036 2907 Perrh.
1106 2855 1225 2919 illiso·

117 2933 144 2976 al
217 2963 223 2976 .

149 3082 195 3130 llll
204 3118 209 3129 .
223 3078 368 3148 fidiculae]
383 3081 469 3145 funes
490 3079 527 3131 ad
538 3080 641 3148 flagei·
683 3080 759 3143 galae
772 3081 827 3130 eive
840 3078 959 3130 fidiculae
973 3094 1020 3129 nou
1035 3079 1160 3141 deerunt,
1174 3077 1222 3129 eir.

99 3151 219 3199 laudum.
241 3149 494 3214 Quamuisjidieulu
507 3166 524 3199 a
539 3150 640 3212 fidibus
683 3149 744 3199 Sen.
758 3149 789 3199 de
802 3148 840 3199 ira
854 3147 900 3211 iil,
913 3151 944 3200 32
964 3149 1094 3213 equuleus
1113 3155 1141 3199 et
1154 3147 1224 3210 fidi·

99 3219 217 3281 alieatur,
233 3222 260 3268 in
272 3221 322 3269 lion
332 3224 420 3269 tamen
434 3219 642 3286 loeasrgnifiaat
683 3219 769 3281 aulae,
783 3216 826 3280 lli,
841 3218 881 3279 iu,
896 3217 1000 3270 Hieron.
1015 3232 1055 3283 ep.
1067 3218 1117 3268 49:
1133 3218 1224 3270 Crines

99 3289 214 3354 ungulas
227 3288 268 3337 oel
276 3304 362 3354 genus
377 3291 517 3351 tormenti,
534 3304 587 3355 qua
599 3291 641 3337 rei
682 3288 805 3353 ligantur
817 3285 854 3336 ecl
864 3291 989 3354 stipitem
1003 3284 1039 3352 [in
1053 3286 1097 3337 illa
1108 3287 1225 3337 maehina

97 3362 123 3407 in
138 3357 249 3422 eqrruleo
269 3360 396 3423 suspensi
409 3362 588 3424 torquentur,
609 3361 641 3406 ul
682 3353 805 3423 stantem]
828 3360 856 3406 el
876 3361 936 3407 taio
958 3372 1070 3422 corpore
1091 3357 1127 3407 ad
1144 3372 1226 3423 equu-

91 3425 165 3488 fidea
178 3433 206 3476 et
217 3423 315 3476 ueritus
328 3429 485 3476 inueniatur
513 3425 638 3477 Fidicula
682 3427 751 3476 leuen
764 3427 874 3491 soriius
891 3425 1017 3490 udlr'gaio
1037 3428 1132 3475 uicinis
1147 3424 1225 3490 pedi·

96 3510 182 3560 genus
207 3499 339 3545 tormenti
359 3496 401 3546 vel
420 3497 499 3561 serra·
518 3494 640 3544 subtilis·
684 3495 732 3544 lus
753 3497 823 3558 aunis
841 3494 1005 3560 adponitur,
1026 3494 1225 3559 utramquela·

98 3567 176 3625 simi,
204 3580 256 3629 quo
280 3565 467 3614 inridebantur
490 3568 638 3630 martyres.
684 3569 727 3613 tus
747 3563 877 3628 aarnsy'eae
888 3564 982 3627 fodit,
1003 3562 1128 3613 Ammisu.
1144 3559 1223 3613 liare.

98 3630 146 3681 iso.
184 3632 315 3696 Quodnam
335 3632 444 3697 triplicis
463 3631 538 3681 italae
561 3631 641 3681 inter·
685 3630 782 3693 xxix,
808 3632 835 3682 i:
868 3632 1089 3683 intercluduntur
1110 3632 1223 3697 equulei,

99 3702 250 3767 pretamenli
273 3716 361 3750 rerunt
383 3702 434 3763 sit,
466 3700 496 3748 de
518 3715 548 3749 eo
573 3700 641 3750 inter
684 3698 868 3765 expediuntur
883 3703 1005 3768 pondera
1023 3701 1225 3766 plelmleaeum

98 3776 311 3819 aomruenlutores
336 3769 503 3834 disceptatur.
536 3766 640 3818 Plurimi
676 3768 803 3831 fidiculis
823 3774 849 3819 el
866 3772 1026 3820 uerberibus,
1059 3769 1096 3820 lle
1116 3767 1225 3834 equuleo

99 3839 165 3888 enim
179 3837 322 3887 machinam
336 3838 422 3888 mullis
442 3837 545 3888 iuribus
558 3838 642 3888 inlen—
683 3842 736 3903 ipso
750 3837 802 3888 vid.
817 3837 905 3900 Sigon.
919 3839 938 3889 l.
953 3840 988 3903 l.,
1010 3837 1088 3889 lueet.
1106 3838 1136 3888 ad
1152 3835 1227 3887 Paul·

99 3915 151 3957 tum
171 3906 269 3970 (Sigon.
292 3908 322 3956 de
341 3906 418 3956 indie.
440 3905 486 3970 ill,
508 3905 569 3972 it),
595 3906 640 3957 alii
684 3908 729 3958 lin.
745 3907 791 3957 rit.
808 3905 912 3960 Martia.
927 3906 957 3972 V,
972 3910 1014 3972 47,
1028 3905 1144 3958 Turneb.
1158 3906 1223 3957 nav.

99 3976 216 4026 laicales
234 3977 300 4025 idem
321 3976 386 4041 quad
402 3976 510 4039 ungulae
524 3982 639 4040 censent,
683 3975 742 4039 XV,
759 3977 805 4039 it,
826 3974 928 4028 Gallon.
948 3978 979 4028 de
993 3985 1101 4046 martyr.
1116 3992 1186 4028 erne.
1200 3990 1224 4041 p.

99 4061 164 4112 qaae
196 4044 335 4108 explicatio
360 4044 472 4095 Olobario
504 4059 552 4095 aaa
577 4060 640 4096 vere
684 4046 744 4110 tiu,
765 4043 854 4096 Valeo.
874 4047 905 4096 ad
925 4047 1006 4098 Auru.
1025 4045 1106 4098 idere.
1126 4044 1224 4109 XXVl,

99 4116 219 4177 videtar3
240 4115 366 4180 „primam
385 4115 451 4165 euim
472 4113 518 4164 hoe
536 4114 641 4165 veritum
686 4115 734 4178 ill,
754 4113 913 4182 Oseubriigg.
936 4116 968 4166 ed
981 4115 1035 4167 Cio.
1056 4131 1095 4182 pr.
1110 4112 1165 4166 llll.
1180 4114 1224 4176 tl,

100 4183 250 4249 uitllsqq.
265 4185 351 4233 atton
364 4182 638 4250 interpretaturl'rud.
684 4184 727 4248 ot,
752 4199 775 4248 ql.
798 4185 861 4248 108,
887 4185 929 4251 qui
950 4184 1018 4237 eoni.
1043 4185 1095 4235 lac.
1120 4182 1224 4248 uaplee.

99 4253 168 4318 ipse,
191 4252 281 4302 delude
299 4252 442 4304 adsentitur
460 4251 552 4304 leldor.
567 4252 640 4316 orig.
684 4253 811 4304 theatrum
828 4268 969 4372 {uenarum
990 4255 1052 4303 oder
1070 4251 1224 4317 Seisapletz

101 4321 132 4383 V,
155 4322 187 4373 ul
199 4341 204 4371 :
226 4323 343 4387 ungulae
362 4321 465 4385 dietae,
489 4321 563 4387 quod
579 4324 641 4389 offo·
684 4322 760 4372 deror
779 4321 825 4373 Lei
844 4338 885 4374 ea·
908 4340 934 4372 u.
955 4321 1184 4373 Lebeue-Slraien
1204 4321 1223 4385 l,

101 4391 195 4455 dianl3
220 4393 287 4440 haee
304 4391 494 4454 alfidieulae,
520 4393 585 4456 quia
603 4395 641 4440 eis
685 4407 709 4458 p.
724 4390 807 4441 iton
834 4392 957 4457 Equidem
976 4407 1025 4441 aou
1043 4391 1224 4456 dubitaverim,

101 4463 143 4510 rei
154 4464 181 4510 in
201 4461 313 4526 equuleo
327 4465 500 4528 torquentur.
527 4459 641 4526 lienique
684 4460 745 4526 quia
765 4476 795 4510 ea
815 4476 876 4511 roee
889 4459 962 4510 vasio
974 4460 1054 4511 variis
1070 4462 1226 4526 temporibus

102 4530 127 4579 in
147 4529 289 4580 adhibendo
309 4531 435 4595 equuleo,
457 4543 531 4595 quem
546 4527 578 4593 V,
594 4530 641 4579 109
684 4545 760 4580 seneu
774 4536 876 4580 veteres
888 4531 927 4580 uei
943 4529 1047 4583 luerint.

101 4606 135 4649 el.
154 4614 180 4649 v.
202 4599 259 4662 110,
273 4599 324 4651 496
342 4606 419 4665 poeta
437 4597 576 4662 describit,
594 4613 642 4647 uu-
