<?xml version="1.0" encoding="UTF-8"?>
<!DOCTYPE html PUBLIC "-//W3C//DTD XHTML 1.0 Transitional//EN"
    "http://www.w3.org/TR/xhtml1/DTD/xhtml1-transitional.dtd">
<html xmlns="http://www.w3.org/1999/xhtml" xml:lang="en" lang="en">
 <head>
  <title>
</title>
<meta http-equiv="Content-Type" content="text/html;charset=utf-8" />
  <meta name='ocr-system' content='tesseract 3.04.00' />
  <meta name='ocr-capabilities' content='ocr_page ocr_carea ocr_par ocr_line ocrx_word'/>
</head>
<body>
  <div class='ocr_page' id='page_1' title='image "./quaeexstantcarm00dresgoog_0195.png"; bbox 0 0 2842 4778; ppageno 0'>
   <div class='ocr_carea' id='block_1_1' title="bbox 205 272 947 336">
    <p class='ocr_par' dir='ltr' id='par_1_1' title="bbox 205 272 947 336">
     <span class='ocr_line' id='line_1_1' title="bbox 205 272 947 336; baseline -0.011 -1"><span class='ocrx_word' id='word_1_1' title='bbox 205 272 265 336; x_wconf 86' lang='lat'><strong>118</strong></span> <span class='ocrx_word' id='word_1_2' title='bbox 562 272 636 324; x_wconf 82' lang='lat' dir='ltr'><strong>nun.</strong></span> <span class='ocrx_word' id='word_1_3' title='bbox 653 273 947 328; x_wconf 82' lang='lat' dir='ltr'><strong>ennosnrncnan.</strong></span> 
     </span>
    </p>
   </div>
   <div class='ocr_carea' id='block_1_2' title="bbox 202 456 1271 918">
    <p class='ocr_par' dir='ltr' id='par_1_2' title="bbox 202 456 1271 918">
     <span class='ocr_line' id='line_1_2' title="bbox 287 456 1271 541; baseline 0.003 -19"><span class='ocrx_word' id='word_1_4' title='bbox 287 456 356 522; x_wconf 88' lang='lat' dir='ltr'><strong>Neo</strong></span> <span class='ocrx_word' id='word_1_5' title='bbox 370 460 456 535; x_wconf 92' lang='lat' dir='ltr'><strong>prior</strong></span> <span class='ocrx_word' id='word_1_6' title='bbox 470 463 525 521; x_wconf 90' lang='lat' dir='ltr'><strong>aut</strong></span> <span class='ocrx_word' id='word_1_7' title='bbox 540 461 655 536; x_wconf 89' lang='lat' dir='ltr'><strong>senior,</strong></span> <span class='ocrx_word' id='word_1_8' title='bbox 673 474 765 536; x_wconf 84' lang='lat' dir='ltr'><strong>quam</strong></span> <span class='ocrx_word' id='word_1_9' title='bbox 781 461 912 536; x_wconf 90' lang='lat' dir='ltr'><strong>primum</strong></span> <span class='ocrx_word' id='word_1_10' title='bbox 929 462 1046 538; x_wconf 78' lang='lat' dir='ltr'><strong>plasma</strong></span> <span class='ocrx_word' id='word_1_11' title='bbox 1062 465 1196 541; x_wconf 86' lang='lat' dir='ltr'><strong>putanrla</strong></span> <span class='ocrx_word' id='word_1_12' title='bbox 1212 470 1271 526; x_wconf 87' lang='lat' dir='ltr'><strong>est.</strong></span> 
     </span>
     <span class='ocr_line' id='line_1_3' title="bbox 287 550 1065 628; baseline 0.006 -15"><span class='ocrx_word' id='word_1_13' title='bbox 287 550 377 613; x_wconf 78' lang='lat' dir='ltr'><strong>Tunc</strong></span> <span class='ocrx_word' id='word_1_14' title='bbox 393 553 505 614; x_wconf 91' lang='lat' dir='ltr'><strong>etenim</strong></span> <span class='ocrx_word' id='word_1_15' title='bbox 523 553 634 614; x_wconf 88' lang='lat' dir='ltr'><strong>iactam</strong></span> <span class='ocrx_word' id='word_1_16' title='bbox 652 554 752 628; x_wconf 63' lang='lat' dir='ltr'><strong>ntideo,</strong></span> <span class='ocrx_word' id='word_1_17' title='bbox 771 567 840 614; x_wconf 92' lang='lat' dir='ltr'><strong>cum</strong></span> <span class='ocrx_word' id='word_1_18' title='bbox 857 556 959 616; x_wconf 84' lang='lat' dir='ltr'><strong>cortils</strong></span> <span class='ocrx_word' id='word_1_19' title='bbox 975 558 1065 618; x_wconf 89' lang='lat' dir='ltr'><strong>amici</strong></span> 
     </span>
     <span class='ocr_line' id='line_1_4' title="bbox 287 649 1009 725; baseline 0.004 -15"><span class='ocrx_word' id='word_1_20' title='bbox 287 649 415 710; x_wconf 87' lang='lat' dir='ltr'><strong>intravit</strong></span> <span class='ocrx_word' id='word_1_21' title='bbox 429 663 576 724; x_wconf 83' lang='lat' dir='ltr'><strong>germana</strong></span> <span class='ocrx_word' id='word_1_22' title='bbox 594 650 715 710; x_wconf 83' lang='lat' dir='ltr'><strong>tonsum</strong></span> <span class='ocrx_word' id='word_1_23' title='bbox 734 650 859 725; x_wconf 76' lang='lat' dir='ltr'><strong>limique</strong></span> <span class='ocrx_word' id='word_1_24' title='bbox 874 655 1009 713; x_wconf 90' lang='lat' dir='ltr'><strong>recentis</strong></span> 
     </span>
     <span class='ocr_line' id='line_1_5' title="bbox 287 742 1052 819; baseline 0.007 -15"><span class='ocrx_word' id='word_1_25' title='bbox 287 742 407 819; x_wconf 75' lang='lat' dir='ltr'><strong>hospita</strong></span> <span class='ocrx_word' id='word_1_26' title='bbox 423 745 535 819; x_wconf 90' lang='lat' dir='ltr'><strong>etipsa</strong></span> <span class='ocrx_word' id='word_1_27' title='bbox 551 758 660 805; x_wconf 84' lang='lat' dir='ltr'><strong>recens</strong></span> <span class='ocrx_word' id='word_1_28' title='bbox 678 744 813 805; x_wconf 88' lang='lat' dir='ltr'><strong>iratcrna</strong></span> <span class='ocrx_word' id='word_1_29' title='bbox 830 747 909 806; x_wconf 85' lang='lat' dir='ltr'><strong>seuit</strong></span> <span class='ocrx_word' id='word_1_30' title='bbox 924 749 953 808; x_wconf 91' lang='lat' dir='ltr'><strong>in</strong></span> <span class='ocrx_word' id='word_1_31' title='bbox 971 749 1052 809; x_wconf 93' lang='lat' dir='ltr'><strong>aula.</strong></span> 
     </span>
     <span class='ocr_line' id='line_1_6' title="bbox 202 835 1130 918; baseline 0.008 -20"><span class='ocrx_word' id='word_1_32' title='bbox 202 850 252 899; x_wconf 87' lang='lat' dir='ltr'><strong>sao</strong></span> <span class='ocrx_word' id='word_1_33' title='bbox 284 835 342 901; x_wconf 90' lang='lat' dir='ltr'><strong>Illa</strong></span> <span class='ocrx_word' id='word_1_34' title='bbox 358 840 480 916; x_wconf 82' lang='lat' dir='ltr'><strong>pultem</strong></span> <span class='ocrx_word' id='word_1_35' title='bbox 496 840 588 900; x_wconf 93' lang='lat' dir='ltr'><strong>ilatus</strong></span> <span class='ocrx_word' id='word_1_36' title='bbox 606 837 727 901; x_wconf 77' lang='lat' dir='ltr'><strong>Domini</strong></span> <span class='ocrx_word' id='word_1_37' title='bbox 745 844 804 915; x_wconf 90' lang='lat' dir='ltr'><strong>est,</strong></span> <span class='ocrx_word' id='word_1_38' title='bbox 823 841 875 902; x_wconf 85' lang='lat' dir='ltr'><strong>seri</strong></span> <span class='ocrx_word' id='word_1_39' title='bbox 893 844 1021 918; x_wconf 88' lang='lat' dir='ltr'><strong>spiritns</strong></span> <span class='ocrx_word' id='word_1_40' title='bbox 1036 849 1068 905; x_wconf 88' lang='lat' dir='ltr'><strong>et</strong></span> <span class='ocrx_word' id='word_1_41' title='bbox 1082 845 1130 905; x_wconf 91' lang='lat' dir='ltr'><strong>vis</strong></span> 
     </span>
    </p>
   </div>
   <div class='ocr_carea' id='block_1_3' title="bbox 194 932 1248 3281">
    <p class='ocr_par' dir='ltr' id='par_1_3' title="bbox 194 932 1248 3281">
     <span class='ocr_line' id='line_1_7' title="bbox 287 932 1036 1014; baseline 0.004 -19"><span class='ocrx_word' id='word_1_42' title='bbox 287 950 347 996; x_wconf 91' lang='lat' dir='ltr'><strong>non</strong></span> <span class='ocrx_word' id='word_1_43' title='bbox 364 939 412 996; x_wconf 90' lang='lat' dir='ltr'><strong>est</strong></span> <span class='ocrx_word' id='word_1_44' title='bbox 426 935 514 1010; x_wconf 86' lang='lat' dir='ltr'><strong>plena</strong></span> <span class='ocrx_word' id='word_1_45' title='bbox 530 932 587 996; x_wconf 80' lang='lat' dir='ltr'><strong>liei</strong></span> <span class='ocrx_word' id='word_1_46' title='bbox 603 938 689 995; x_wconf 90' lang='lat' dir='ltr'><strong>tanto</strong></span> <span class='ocrx_word' id='word_1_47' title='bbox 707 934 913 996; x_wconf 87' lang='lat' dir='ltr'><strong>noueramine</strong></span> <span class='ocrx_word' id='word_1_48' title='bbox 930 939 1036 1014; x_wconf 89' lang='lat' dir='ltr'><strong>missa,</strong></span> 
     </span>
     <span class='ocr_line' id='line_1_8' title="bbox 285 1029 1026 1105; baseline 0.007 -15"><span class='ocrx_word' id='word_1_49' title='bbox 285 1034 400 1105; x_wconf 79' lang='lat' dir='ltr'><strong>quanto</strong></span> <span class='ocrx_word' id='word_1_50' title='bbox 415 1030 493 1091; x_wconf 90' lang='lat' dir='ltr'><strong>ilans</strong></span> <span class='ocrx_word' id='word_1_51' title='bbox 509 1030 608 1091; x_wconf 85' lang='lat' dir='ltr'><strong>volult</strong></span> <span class='ocrx_word' id='word_1_52' title='bbox 624 1029 715 1089; x_wconf 84' lang='lat' dir='ltr'><strong>ilantli</strong></span> <span class='ocrx_word' id='word_1_53' title='bbox 733 1043 858 1092; x_wconf 89' lang='lat' dir='ltr'><strong>servare</strong></span> <span class='ocrx_word' id='word_1_54' title='bbox 878 1037 1026 1095; x_wconf 83' lang='lat' dir='ltr'><strong>tenorent.</strong></span> 
     </span>
     <span class='ocr_line' id='line_1_9' title="bbox 285 1123 1026 1201; baseline 0.005 -15"><span class='ocrx_word' id='word_1_55' title='bbox 285 1123 344 1186; x_wconf 87' lang='lat' dir='ltr'><strong>Est</strong></span> <span class='ocrx_word' id='word_1_56' title='bbox 360 1126 539 1199; x_wconf 88' lang='lat' dir='ltr'><strong>inpossihilc</strong></span> <span class='ocrx_word' id='word_1_57' title='bbox 555 1129 695 1201; x_wconf 90' lang='lat' dir='ltr'><strong>spectare</strong></span> <span class='ocrx_word' id='word_1_58' title='bbox 711 1126 860 1199; x_wconf 80' lang='lat' dir='ltr'><strong>protuntla</strong></span> <span class='ocrx_word' id='word_1_59' title='bbox 879 1123 1026 1191; x_wconf 90' lang='lat' dir='ltr'><strong>Sahaoth.</strong></span> 
     </span>
     <span class='ocr_line' id='line_1_10' title="bbox 346 1218 1221 1300; baseline 0.002 -18"><span class='ocrx_word' id='word_1_60' title='bbox 346 1218 406 1282; x_wconf 85' lang='lat' dir='ltr'><strong>Seu</strong></span> <span class='ocrx_word' id='word_1_61' title='bbox 424 1221 581 1296; x_wconf 90' lang='lat' dir='ltr'><strong>speculum</strong></span> <span class='ocrx_word' id='word_1_62' title='bbox 597 1221 720 1281; x_wconf 82' lang='lat' dir='ltr'><strong>deitatis</strong></span> <span class='ocrx_word' id='word_1_63' title='bbox 735 1221 826 1282; x_wconf 90' lang='lat' dir='ltr'><strong>homo</strong></span> <span class='ocrx_word' id='word_1_64' title='bbox 842 1228 900 1285; x_wconf 91' lang='lat' dir='ltr'><strong>est.</strong></span> <span class='ocrx_word' id='word_1_65' title='bbox 926 1221 960 1285; x_wconf 92' lang='lat' dir='ltr'><strong>ln</strong></span> <span class='ocrx_word' id='word_1_66' title='bbox 977 1239 1104 1300; x_wconf 91' lang='lat' dir='ltr'><strong>corpore</strong></span> <span class='ocrx_word' id='word_1_67' title='bbox 1120 1225 1221 1285; x_wconf 85' lang='lat' dir='ltr'><strong>tliscas</strong></span> 
     </span>
     <span class='ocr_line' id='line_1_11' title="bbox 200 1313 1084 1393; baseline 0.002 -19"><span class='ocrx_word' id='word_1_68' title='bbox 200 1325 249 1376; x_wconf 76' lang='lat' dir='ltr'><strong>aas</strong></span> <span class='ocrx_word' id='word_1_69' title='bbox 282 1329 348 1376; x_wconf 88' lang='lat' dir='ltr'><strong>rem</strong></span> <span class='ocrx_word' id='word_1_70' title='bbox 364 1329 425 1376; x_wconf 93' lang='lat' dir='ltr'><strong>non</strong></span> <span class='ocrx_word' id='word_1_71' title='bbox 441 1330 620 1390; x_wconf 78' lang='lat' dir='ltr'><strong>corpoream</strong></span> <span class='ocrx_word' id='word_1_72' title='bbox 636 1316 748 1376; x_wconf 92' lang='lat' dir='ltr'><strong>sollers</strong></span> <span class='ocrx_word' id='word_1_73' title='bbox 763 1316 931 1391; x_wconf 77' lang='lat' dir='ltr'><strong>interprete</strong></span> <span class='ocrx_word' id='word_1_74' title='bbox 947 1313 1084 1393; x_wconf 88' lang='lat' dir='ltr'><strong>Christo,</strong></span> 
     </span>
     <span class='ocr_line' id='line_1_12' title="bbox 283 1408 1153 1485; baseline 0 -15"><span class='ocrx_word' id='word_1_75' title='bbox 283 1409 337 1485; x_wconf 84' lang='lat' dir='ltr'><strong>qui</strong></span> <span class='ocrx_word' id='word_1_76' title='bbox 352 1411 470 1484; x_wconf 90' lang='lat' dir='ltr'><strong>patrem</strong></span> <span class='ocrx_word' id='word_1_77' title='bbox 488 1410 645 1483; x_wconf 93' lang='lat' dir='ltr'><strong>proprium</strong></span> <span class='ocrx_word' id='word_1_78' title='bbox 662 1408 783 1470; x_wconf 86' lang='lat' dir='ltr'><strong>mortali</strong></span> <span class='ocrx_word' id='word_1_79' title='bbox 799 1411 831 1470; x_wconf 92' lang='lat' dir='ltr'><strong>in</strong></span> <span class='ocrx_word' id='word_1_80' title='bbox 847 1424 974 1484; x_wconf 86' lang='lat' dir='ltr'><strong>corpore</strong></span> <span class='ocrx_word' id='word_1_81' title='bbox 990 1415 1153 1472; x_wconf 90' lang='lat' dir='ltr'><strong>monstrat.</strong></span> 
     </span>
     <span class='ocr_line' id='line_1_13' title="bbox 282 1500 1135 1599; baseline 0.004 -34"><span class='ocrx_word' id='word_1_82' title='bbox 282 1500 439 1578; x_wconf 84' lang='lat' dir='ltr'><strong>Perspice,</strong></span> <span class='ocrx_word' id='word_1_83' title='bbox 458 1505 669 1599; x_wconf 39' lang='lat' dir='ltr'><strong>ouam&#39;varios</strong></span> <span class='ocrx_word' id='word_1_84' title='bbox 687 1503 854 1565; x_wconf 81' lang='lat' dir='ltr'><strong>itrnuamns</strong></span> <span class='ocrx_word' id='word_1_85' title='bbox 869 1507 907 1565; x_wconf 91' lang='lat' dir='ltr'><strong>ah</strong></span> <span class='ocrx_word' id='word_1_86' title='bbox 923 1520 977 1568; x_wconf 91' lang='lat' dir='ltr'><strong>ore</strong></span> <span class='ocrx_word' id='word_1_87' title='bbox 992 1521 1135 1585; x_wconf 74' lang='lat' dir='ltr'><strong>naporm,</strong></span> 
     </span>
     <span class='ocr_line' id='line_1_14' title="bbox 284 1595 1038 1673; baseline 0.003 -16"><span class='ocrx_word' id='word_1_88' title='bbox 284 1598 438 1673; x_wconf 81' lang='lat' dir='ltr'><strong>spiramus</strong></span> <span class='ocrx_word' id='word_1_89' title='bbox 455 1595 597 1670; x_wconf 79' lang='lat' dir='ltr'><strong>quotiens</strong></span> <span class='ocrx_word' id='word_1_90' title='bbox 613 1596 732 1656; x_wconf 87' lang='lat' dir='ltr'><strong>animae</strong></span> <span class='ocrx_word' id='word_1_91' title='bbox 749 1598 912 1658; x_wconf 91' lang='lat' dir='ltr'><strong>suillahilis</strong></span> <span class='ocrx_word' id='word_1_92' title='bbox 928 1613 1038 1660; x_wconf 79' lang='lat' dir='ltr'><strong>auras:</strong></span> 
     </span>
     <span class='ocr_line' id='line_1_15' title="bbox 284 1688 1061 1763; baseline 0.004 -13"><span class='ocrx_word' id='word_1_93' title='bbox 284 1703 367 1750; x_wconf 86' lang='lat' dir='ltr'><strong>nune</strong></span> <span class='ocrx_word' id='word_1_94' title='bbox 381 1688 487 1749; x_wconf 89' lang='lat' dir='ltr'><strong>ilatum</strong></span> <span class='ocrx_word' id='word_1_95' title='bbox 505 1689 641 1763; x_wconf 84' lang='lat' dir='ltr'><strong>tepidum</strong></span> <span class='ocrx_word' id='word_1_96' title='bbox 657 1689 743 1749; x_wconf 90' lang='lat' dir='ltr'><strong>calor</strong></span> <span class='ocrx_word' id='word_1_97' title='bbox 758 1690 921 1751; x_wconf 86' lang='lat' dir='ltr'><strong>exhalatus</strong></span> <span class='ocrx_word' id='word_1_98' title='bbox 936 1691 1061 1753; x_wconf 86' lang='lat' dir='ltr'><strong>anhelat</strong></span> 
     </span>
     <span class='ocr_line' id='line_1_16' title="bbox 197 1781 1007 1847; baseline 0.004 -5"><span class='ocrx_word' id='word_1_99' title='bbox 197 1793 247 1843; x_wconf 83' lang='lat' dir='ltr'><strong>sto</strong></span> <span class='ocrx_word' id='word_1_100' title='bbox 280 1787 422 1847; x_wconf 90' lang='lat' dir='ltr'><strong>rorantes</strong></span> <span class='ocrx_word' id='word_1_101' title='bbox 439 1782 567 1843; x_wconf 90' lang='lat' dir='ltr'><strong>nehulas</strong></span> <span class='ocrx_word' id='word_1_102' title='bbox 584 1781 653 1843; x_wconf 87' lang='lat' dir='ltr'><strong>utils</strong></span> <span class='ocrx_word' id='word_1_103' title='bbox 668 1781 706 1842; x_wconf 86' lang='lat' dir='ltr'><strong>de</strong></span> <span class='ocrx_word' id='word_1_104' title='bbox 723 1783 863 1844; x_wconf 88' lang='lat' dir='ltr'><strong>taucihus</strong></span> <span class='ocrx_word' id='word_1_105' title='bbox 879 1784 1007 1845; x_wconf 82' lang='lat' dir='ltr'><strong>efflans:</strong></span> 
     </span>
     <span class='ocr_line' id='line_1_17' title="bbox 282 1874 1062 1952; baseline 0.001 -14"><span class='ocrx_word' id='word_1_106' title='bbox 282 1890 352 1938; x_wconf 89' lang='lat' dir='ltr'><strong>cum</strong></span> <span class='ocrx_word' id='word_1_107' title='bbox 366 1876 450 1951; x_wconf 90' lang='lat' dir='ltr'><strong>lihet,</strong></span> <span class='ocrx_word' id='word_1_108' title='bbox 469 1876 499 1936; x_wconf 93' lang='lat' dir='ltr'><strong>in</strong></span> <span class='ocrx_word' id='word_1_109' title='bbox 515 1874 652 1951; x_wconf 82' lang='lat' dir='ltr'><strong>gelidum</strong></span> <span class='ocrx_word' id='word_1_110' title='bbox 668 1875 786 1936; x_wconf 82' lang='lat' dir='ltr'><strong>llairralt</strong></span> <span class='ocrx_word' id='word_1_111' title='bbox 802 1876 919 1952; x_wconf 77' lang='lat' dir='ltr'><strong>frigore</strong></span> <span class='ocrx_word' id='word_1_112' title='bbox 935 1884 1062 1939; x_wconf 91' lang='lat' dir='ltr'><strong>ventum</strong></span> 
     </span>
     <span class='ocr_line' id='line_1_18' title="bbox 282 1971 901 2047; baseline 0.003 -15"><span class='ocrx_word' id='word_1_113' title='bbox 282 1972 411 2047; x_wconf 89' lang='lat' dir='ltr'><strong>spiritus</strong></span> <span class='ocrx_word' id='word_1_114' title='bbox 427 1971 536 2032; x_wconf 83' lang='lat' dir='ltr'><strong>existit</strong></span> <span class='ocrx_word' id='word_1_115' title='bbox 546 1972 655 2032; x_wconf 55' lang='lat' dir='ltr'><strong>¹tenuis</strong></span> <span class='ocrx_word' id='word_1_116' title='bbox 671 1974 702 2031; x_wconf 90' lang='lat' dir='ltr'><strong>et</strong></span> <span class='ocrx_word' id='word_1_117' title='bbox 717 1972 823 2032; x_wconf 83' lang='lat' dir='ltr'><strong>sibilat</strong></span> <span class='ocrx_word' id='word_1_118' title='bbox 838 1987 901 2034; x_wconf 86' lang='lat' dir='ltr'><strong>aar.</strong></span> 
     </span>
     <span class='ocr_line' id='line_1_19' title="bbox 279 2065 1076 2140; baseline 0.001 -13"><span class='ocrx_word' id='word_1_119' title='bbox 279 2065 367 2128; x_wconf 78' lang='lat' dir='ltr'><strong>Ariste</strong></span> <span class='ocrx_word' id='word_1_120' title='bbox 383 2070 415 2126; x_wconf 93' lang='lat' dir='ltr'><strong>et</strong></span> <span class='ocrx_word' id='word_1_121' title='bbox 429 2066 621 2140; x_wconf 86' lang='lat' dir='ltr'><strong>distinctum,</strong></span> <span class='ocrx_word' id='word_1_122' title='bbox 639 2079 730 2140; x_wconf 84' lang='lat' dir='ltr'><strong>quem</strong></span> <span class='ocrx_word' id='word_1_123' title='bbox 747 2069 864 2127; x_wconf 87' lang='lat' dir='ltr'><strong>musica</strong></span> <span class='ocrx_word' id='word_1_124' title='bbox 881 2068 953 2127; x_wconf 87' lang='lat' dir='ltr'><strong>tibia</strong></span> <span class='ocrx_word' id='word_1_125' title='bbox 970 2068 1076 2128; x_wconf 90' lang='lat' dir='ltr'><strong>ilatum</strong></span> 
     </span>
     <span class='ocr_line' id='line_1_20' title="bbox 281 2159 1116 2238; baseline -0.002 -14"><span class='ocrx_word' id='word_1_126' title='bbox 281 2162 425 2236; x_wconf 87' lang='lat' dir='ltr'><strong>concipit,</strong></span> <span class='ocrx_word' id='word_1_127' title='bbox 444 2164 499 2221; x_wconf 91' lang='lat' dir='ltr'><strong>aut</strong></span> <span class='ocrx_word' id='word_1_128' title='bbox 514 2159 567 2221; x_wconf 93' lang='lat' dir='ltr'><strong>ille</strong></span> <span class='ocrx_word' id='word_1_129' title='bbox 582 2163 631 2220; x_wconf 93' lang='lat' dir='ltr'><strong>est</strong></span> <span class='ocrx_word' id='word_1_130' title='bbox 646 2175 753 2234; x_wconf 89' lang='lat' dir='ltr'><strong>presso</strong></span> <span class='ocrx_word' id='word_1_131' title='bbox 771 2163 977 2222; x_wconf 78' lang='lat' dir='ltr'><strong>modulamine</strong></span> <span class='ocrx_word' id='word_1_132' title='bbox 993 2177 1116 2238; x_wconf 91' lang='lat' dir='ltr'><strong>parcus,</strong></span> 
     </span>
     <span class='ocr_line' id='line_1_21' title="bbox 197 2252 1084 2331; baseline 0.003 -18"><span class='ocrx_word' id='word_1_133' title='bbox 197 2265 246 2315; x_wconf 80' lang='lat' dir='ltr'><strong>als</strong></span> <span class='ocrx_word' id='word_1_134' title='bbox 280 2259 335 2315; x_wconf 91' lang='lat' dir='ltr'><strong>aut</strong></span> <span class='ocrx_word' id='word_1_135' title='bbox 349 2253 501 2314; x_wconf 80' lang='lat' dir='ltr'><strong>tumulum</strong></span> <span class='ocrx_word' id='word_1_136' title='bbox 517 2252 605 2327; x_wconf 85' lang='lat' dir='ltr'><strong>largo</strong></span> <span class='ocrx_word' id='word_1_137' title='bbox 620 2252 767 2313; x_wconf 82' lang='lat' dir='ltr'><strong>sublimat</strong></span> <span class='ocrx_word' id='word_1_138' title='bbox 782 2255 904 2314; x_wconf 81' lang='lat' dir='ltr'><strong>homine</strong></span> <span class='ocrx_word' id='word_1_139' title='bbox 919 2255 1084 2331; x_wconf 77' lang='lat' dir='ltr'><strong>homhnmt</strong></span> 
     </span>
     <span class='ocr_line' id='line_1_22' title="bbox 282 2348 1094 2428; baseline 0.004 -18"><span class='ocrx_word' id='word_1_140' title='bbox 282 2353 336 2411; x_wconf 95' lang='lat' dir='ltr'><strong>aut</strong></span> <span class='ocrx_word' id='word_1_141' title='bbox 352 2364 463 2410; x_wconf 92' lang='lat' dir='ltr'><strong>raucos</strong></span> <span class='ocrx_word' id='word_1_142' title='bbox 479 2348 596 2423; x_wconf 81' lang='lat' dir='ltr'><strong>trangit</strong></span> <span class='ocrx_word' id='word_1_143' title='bbox 612 2348 763 2422; x_wconf 83' lang='lat' dir='ltr'><strong>monulus,</strong></span> <span class='ocrx_word' id='word_1_144' title='bbox 783 2352 838 2409; x_wconf 90' lang='lat' dir='ltr'><strong>aut</strong></span> <span class='ocrx_word' id='word_1_145' title='bbox 854 2350 923 2411; x_wconf 90' lang='lat' dir='ltr'><strong>lene</strong></span> <span class='ocrx_word' id='word_1_146' title='bbox 938 2357 1094 2428; x_wconf 87' lang='lat' dir='ltr'><strong>susurrat,</strong></span> 
     </span>
     <span class='ocr_line' id='line_1_23' title="bbox 280 2442 1000 2520; baseline 0.003 -17"><span class='ocrx_word' id='word_1_147' title='bbox 280 2448 334 2505; x_wconf 89' lang='lat' dir='ltr'><strong>ant</strong></span> <span class='ocrx_word' id='word_1_148' title='bbox 349 2443 429 2503; x_wconf 85' lang='lat' dir='ltr'><strong>exile</strong></span> <span class='ocrx_word' id='word_1_149' title='bbox 445 2442 570 2503; x_wconf 92' lang='lat' dir='ltr'><strong>trahens</strong></span> <span class='ocrx_word' id='word_1_150' title='bbox 586 2442 708 2503; x_wconf 90' lang='lat' dir='ltr'><strong>sonitus</strong></span> <span class='ocrx_word' id='word_1_151' title='bbox 724 2443 865 2517; x_wconf 86' lang='lat' dir='ltr'><strong>prottucit</strong></span> <span class='ocrx_word' id='word_1_152' title='bbox 880 2448 1000 2520; x_wconf 89' lang='lat' dir='ltr'><strong>acutos,</strong></span> 
     </span>
     <span class='ocr_line' id='line_1_24' title="bbox 279 2538 1026 2601; baseline 0 -2"><span class='ocrx_word' id='word_1_153' title='bbox 279 2543 335 2600; x_wconf 95' lang='lat' dir='ltr'><strong>aut</strong></span> <span class='ocrx_word' id='word_1_154' title='bbox 350 2551 491 2601; x_wconf 91' lang='lat' dir='ltr'><strong>murmur</strong></span> <span class='ocrx_word' id='word_1_155' title='bbox 506 2542 646 2599; x_wconf 85' lang='lat' dir='ltr'><strong>tuncrum</strong></span> <span class='ocrx_word' id='word_1_156' title='bbox 663 2538 789 2599; x_wconf 82' lang='lat' dir='ltr'><strong>suhlitiit</strong></span> <span class='ocrx_word' id='word_1_157' title='bbox 804 2553 881 2599; x_wconf 90' lang='lat' dir='ltr'><strong>voce</strong></span> <span class='ocrx_word' id='word_1_158' title='bbox 896 2538 1026 2599; x_wconf 92' lang='lat' dir='ltr'><strong>minuta.</strong></span> 
     </span>
     <span class='ocr_line' id='line_1_25' title="bbox 281 2632 1072 2712; baseline 0.003 -17"><span class='ocrx_word' id='word_1_159' title='bbox 281 2632 365 2695; x_wconf 86' lang='lat' dir='ltr'><strong>ilaec</strong></span> <span class='ocrx_word' id='word_1_160' title='bbox 381 2649 451 2696; x_wconf 91' lang='lat' dir='ltr'><strong>curn</strong></span> <span class='ocrx_word' id='word_1_161' title='bbox 468 2638 498 2696; x_wconf 92' lang='lat' dir='ltr'><strong>te</strong></span> <span class='ocrx_word' id='word_1_162' title='bbox 514 2634 621 2695; x_wconf 83' lang='lat' dir='ltr'><strong>niueas</strong></span> <span class='ocrx_word' id='word_1_163' title='bbox 638 2634 761 2695; x_wconf 93' lang='lat' dir='ltr'><strong>mortali</strong></span> <span class='ocrx_word' id='word_1_164' title='bbox 777 2636 809 2695; x_wconf 95' lang='lat' dir='ltr'><strong>in</strong></span> <span class='ocrx_word' id='word_1_165' title='bbox 825 2649 953 2709; x_wconf 88' lang='lat' dir='ltr'><strong>corpore</strong></span> <span class='ocrx_word' id='word_1_166' title='bbox 969 2650 1072 2712; x_wconf 91' lang='lat' dir='ltr'><strong>posse,</strong></span> 
     </span>
     <span class='ocr_line' id='line_1_26' title="bbox 195 2729 1066 2806; baseline 0 -16"><span class='ocrx_word' id='word_1_167' title='bbox 195 2741 245 2790; x_wconf 81' lang='lat' dir='ltr'><strong>aso</strong></span> <span class='ocrx_word' id='word_1_168' title='bbox 277 2743 333 2792; x_wconf 92' lang='lat' dir='ltr'><strong>cur</strong></span> <span class='ocrx_word' id='word_1_169' title='bbox 348 2745 409 2791; x_wconf 90' lang='lat' dir='ltr'><strong>non</strong></span> <span class='ocrx_word' id='word_1_170' title='bbox 424 2729 595 2791; x_wconf 82' lang='lat' dir='ltr'><strong>Aeternum</strong></span> <span class='ocrx_word' id='word_1_171' title='bbox 613 2731 753 2803; x_wconf 92' lang='lat' dir='ltr'><strong>potuisse</strong></span> <span class='ocrx_word' id='word_1_172' title='bbox 768 2729 931 2790; x_wconf 81' lang='lat' dir='ltr'><strong>intimiore</strong></span> <span class='ocrx_word' id='word_1_173' title='bbox 947 2731 1066 2806; x_wconf 85' lang='lat' dir='ltr'><strong>cretas,</strong></span> 
     </span>
     <span class='ocr_line' id='line_1_27' title="bbox 277 2824 1248 2901; baseline 0.003 -14"><span class='ocrx_word' id='word_1_174' title='bbox 277 2827 397 2901; x_wconf 81' lang='lat' dir='ltr'><strong>qualern</strong></span> <span class='ocrx_word' id='word_1_175' title='bbox 414 2827 547 2887; x_wconf 89' lang='lat' dir='ltr'><strong>animam</strong></span> <span class='ocrx_word' id='word_1_176' title='bbox 563 2825 682 2885; x_wconf 82' lang='lat' dir='ltr'><strong>voluit?</strong></span> <span class='ocrx_word' id='word_1_177' title='bbox 704 2824 901 2900; x_wconf 87' lang='lat' dir='ltr'><strong>praescriptis</strong></span> <span class='ocrx_word' id='word_1_178' title='bbox 917 2838 1009 2897; x_wconf 82' lang='lat' dir='ltr'><strong>uuam</strong></span> <span class='ocrx_word' id='word_1_179' title='bbox 1026 2827 1098 2900; x_wconf 82' lang='lat' dir='ltr'><strong>quia</strong></span> <span class='ocrx_word' id='word_1_180' title='bbox 1114 2828 1248 2890; x_wconf 86' lang='lat' dir='ltr'><strong>condens</strong></span> 
     </span>
     <span class='ocr_line' id='line_1_28' title="bbox 279 2918 1055 2994; baseline -0.001 -13"><span class='ocrx_word' id='word_1_181' title='bbox 279 2920 397 2981; x_wconf 87' lang='lat' dir='ltr'><strong>eiliavlt</strong></span> <span class='ocrx_word' id='word_1_182' title='bbox 413 2920 553 2994; x_wconf 81' lang='lat' dir='ltr'><strong>tulitque</strong></span> <span class='ocrx_word' id='word_1_183' title='bbox 568 2918 677 2992; x_wconf 80' lang='lat' dir='ltr'><strong>mollis,</strong></span> <span class='ocrx_word' id='word_1_184' title='bbox 696 2919 737 2978; x_wconf 93' lang='lat' dir='ltr'><strong>sit</strong></span> <span class='ocrx_word' id='word_1_185' title='bbox 753 2920 835 2979; x_wconf 90' lang='lat' dir='ltr'><strong>lacta</strong></span> <span class='ocrx_word' id='word_1_186' title='bbox 851 2932 980 2978; x_wconf 87' lang='lat' dir='ltr'><strong>necessa</strong></span> <span class='ocrx_word' id='word_1_187' title='bbox 995 2923 1055 2980; x_wconf 89' lang='lat' dir='ltr'><strong>est.</strong></span> 
     </span>
     <span class='ocr_line' id='line_1_29' title="bbox 279 3011 1145 3090; baseline 0.001 -14"><span class='ocrx_word' id='word_1_188' title='bbox 279 3011 419 3090; x_wconf 85' lang='lat' dir='ltr'><strong>Denique</strong></span> <span class='ocrx_word' id='word_1_189' title='bbox 436 3013 531 3073; x_wconf 93' lang='lat' dir='ltr'><strong>multa</strong></span> <span class='ocrx_word' id='word_1_190' title='bbox 547 3013 638 3087; x_wconf 92' lang='lat' dir='ltr'><strong>sapit,</strong></span> <span class='ocrx_word' id='word_1_191' title='bbox 658 3012 711 3072; x_wconf 86' lang='lat' dir='ltr'><strong>setl</strong></span> <span class='ocrx_word' id='word_1_192' title='bbox 728 3028 789 3073; x_wconf 95' lang='lat' dir='ltr'><strong>non</strong></span> <span class='ocrx_word' id='word_1_193' title='bbox 805 3012 886 3086; x_wconf 90' lang='lat' dir='ltr'><strong>sapit</strong></span> <span class='ocrx_word' id='word_1_194' title='bbox 901 3015 1003 3074; x_wconf 93' lang='lat' dir='ltr'><strong>omnia</strong></span> <span class='ocrx_word' id='word_1_195' title='bbox 1019 3019 1145 3077; x_wconf 90' lang='lat' dir='ltr'><strong>nostrae</strong></span> 
     </span>
     <span class='ocr_line' id='line_1_30' title="bbox 277 3110 1118 3183; baseline 0.001 -13"><span class='ocrx_word' id='word_1_196' title='bbox 277 3110 326 3170; x_wconf 91' lang='lat' dir='ltr'><strong>vis</strong></span> <span class='ocrx_word' id='word_1_197' title='bbox 341 3110 474 3183; x_wconf 92' lang='lat' dir='ltr'><strong>animae,</strong></span> <span class='ocrx_word' id='word_1_198' title='bbox 492 3111 610 3169; x_wconf 90' lang='lat' dir='ltr'><strong>certum</strong></span> <span class='ocrx_word' id='word_1_199' title='bbox 627 3122 734 3182; x_wconf 89' lang='lat' dir='ltr'><strong>sapere</strong></span> <span class='ocrx_word' id='word_1_200' title='bbox 750 3123 786 3168; x_wconf 83' lang='lat' dir='ltr'><strong>ac</strong></span> <span class='ocrx_word' id='word_1_201' title='bbox 801 3122 1005 3183; x_wconf 90' lang='lat' dir='ltr'><strong>praenoscere</strong></span> <span class='ocrx_word' id='word_1_202' title='bbox 1021 3110 1118 3171; x_wconf 93' lang='lat' dir='ltr'><strong>iussa.</strong></span> 
     </span>
     <span class='ocr_line' id='line_1_31' title="bbox 194 3201 1217 3281; baseline -0.002 -14"><span class='ocrx_word' id='word_1_203' title='bbox 194 3217 243 3267; x_wconf 82' lang='lat'><strong>855</strong></span> <span class='ocrx_word' id='word_1_204' title='bbox 276 3201 341 3267; x_wconf 90' lang='lat' dir='ltr'><strong>Iam</strong></span> <span class='ocrx_word' id='word_1_205' title='bbox 357 3205 408 3267; x_wconf 89' lang='lat' dir='ltr'><strong>cut</strong></span> <span class='ocrx_word' id='word_1_206' title='bbox 425 3208 530 3265; x_wconf 89' lang='lat' dir='ltr'><strong>certus</strong></span> <span class='ocrx_word' id='word_1_207' title='bbox 546 3204 629 3264; x_wconf 90' lang='lat' dir='ltr'><strong>inest</strong></span> <span class='ocrx_word' id='word_1_208' title='bbox 644 3203 764 3278; x_wconf 89' lang='lat' dir='ltr'><strong>mouns,</strong></span> <span class='ocrx_word' id='word_1_209' title='bbox 784 3208 815 3263; x_wconf 90' lang='lat' dir='ltr'><strong>et</strong></span> <span class='ocrx_word' id='word_1_210' title='bbox 830 3204 879 3264; x_wconf 90' lang='lat' dir='ltr'><strong>cul</strong></span> <span class='ocrx_word' id='word_1_211' title='bbox 896 3218 989 3273; x_wconf 92' lang='lat' dir='ltr'><strong>posse</strong></span> <span class='ocrx_word' id='word_1_212' title='bbox 1005 3209 1152 3281; x_wconf 83' lang='lat' dir='ltr'><strong>negatum</strong></span> <span class='ocrx_word' id='word_1_213' title='bbox 1168 3208 1217 3266; x_wconf 92' lang='lat' dir='ltr'><strong>est</strong></span> 
     </span>
    </p>
   </div>
   <div class='ocr_carea' id='block_1_4' title="bbox 188 3338 1315 4092">
    <p class='ocr_par' dir='ltr' id='par_1_4' title="bbox 188 3338 1315 4027">
     <span class='ocr_line' id='line_1_32' title="bbox 261 3338 1313 3408; baseline -0.003 -15"><span class='ocrx_word' id='word_1_214' title='bbox 261 3343 319 3393; x_wconf 76' lang='grc'>826.</span> <span class='ocrx_word' id='word_1_215' title='bbox 338 3342 487 3408; x_wconf 79' lang='lat' dir='ltr'><strong>puiundesi</strong></span> <span class='ocrx_word' id='word_1_216' title='bbox 498 3340 557 3390; x_wconf 81' lang='lat' dir='ltr'><strong>stt.</strong></span> <span class='ocrx_word' id='word_1_217' title='bbox 574 3338 654 3404; x_wconf 72' lang='lat' dir='ltr'><strong>Lugd.</strong></span> <span class='ocrx_word' id='word_1_218' title='bbox 806 3342 864 3392; x_wconf 73' lang='lat'>827.</span> <span class='ocrx_word' id='word_1_219' title='bbox 886 3342 1109 3392; x_wconf 65' lang='lat' dir='ltr'><strong>aodetconeordis</strong></span> <span class='ocrx_word' id='word_1_220' title='bbox 1128 3342 1186 3390; x_wconf 84' lang='lat' dir='ltr'><strong>lttd.</strong></span> <span class='ocrx_word' id='word_1_221' title='bbox 1212 3341 1313 3405; x_wconf 77' lang='lat' dir='ltr'><strong>Lugd.;</strong></span> 
     </span>
     <span class='ocr_line' id='line_1_33' title="bbox 192 3409 1313 3477; baseline -0.002 -15"><span class='ocrx_word' id='word_1_222' title='bbox 192 3415 279 3462; x_wconf 80' lang='lat' dir='ltr'><strong>amica</strong></span> <span class='ocrx_word' id='word_1_223' title='bbox 292 3412 349 3462; x_wconf 86' lang='lat' dir='ltr'><strong>flat.</strong></span> <span class='ocrx_word' id='word_1_224' title='bbox 502 3411 561 3460; x_wconf 78' lang='lat'><strong>832.</strong></span> <span class='ocrx_word' id='word_1_225' title='bbox 583 3411 717 3474; x_wconf 82' lang='lat' dir='ltr'><strong>Quantum</strong></span> <span class='ocrx_word' id='word_1_226' title='bbox 733 3409 772 3458; x_wconf 75' lang='grc' dir='ltr'><strong>ἳα</strong></span> <span class='ocrx_word' id='word_1_227' title='bbox 786 3410 800 3459; x_wconf 86' lang='lat' dir='ltr'>b</span> <span class='ocrx_word' id='word_1_228' title='bbox 813 3427 836 3460; x_wconf 93' lang='lat' dir='ltr'><strong>m</strong></span> <span class='ocrx_word' id='word_1_229' title='bbox 849 3428 863 3477; x_wconf 85' lang='lat' dir='ltr'><strong>q</strong></span> <span class='ocrx_word' id='word_1_230' title='bbox 878 3428 893 3460; x_wconf 94' lang='lat' dir='ltr'><strong>u</strong></span> <span class='ocrx_word' id='word_1_231' title='bbox 911 3412 967 3461; x_wconf 78' lang='lat' dir='ltr'><strong>nid.</strong></span> <span class='ocrx_word' id='word_1_232' title='bbox 983 3411 1064 3474; x_wconf 75' lang='lat' dir='ltr'><strong>Lugii.</strong></span> <span class='ocrx_word' id='word_1_233' title='bbox 1080 3411 1175 3461; x_wconf 70' lang='lat' dir='ltr'><strong>ih&#39;citz.</strong></span> <span class='ocrx_word' id='word_1_234' title='bbox 1192 3411 1252 3470; x_wconf 90' lang='lat' dir='ltr'><strong>(non</strong></span> <span class='ocrx_word' id='word_1_235' title='bbox 1267 3411 1313 3475; x_wconf 84' lang='lat' dir='ltr'><strong>B);</strong></span> 
     </span>
     <span class='ocr_line' id='line_1_34' title="bbox 194 3477 1313 3545; baseline 0.002 -17"><span class='ocrx_word' id='word_1_236' title='bbox 194 3482 300 3545; x_wconf 65' lang='lat' dir='ltr'><strong>otiante</strong></span> <span class='ocrx_word' id='word_1_237' title='bbox 315 3518 356 3531; x_wconf 93' lang='lat'><strong>...</strong></span> <span class='ocrx_word' id='word_1_238' title='bbox 373 3486 465 3531; x_wconf 82' lang='lat' dir='ltr'><strong>tenore</strong></span> <span class='ocrx_word' id='word_1_239' title='bbox 477 3477 511 3529; x_wconf 91' lang='lat' dir='ltr'>W</span> <span class='ocrx_word' id='word_1_240' title='bbox 525 3494 611 3545; x_wconf 79' lang='lat' dir='ltr'><strong>supra.</strong></span> <span class='ocrx_word' id='word_1_241' title='bbox 732 3482 779 3528; x_wconf 70' lang='lat' dir='ltr'><strong>atti</strong></span> <span class='ocrx_word' id='word_1_242' title='bbox 810 3479 920 3545; x_wconf 78' lang='lat' dir='ltr'><strong>Respice</strong></span> <span class='ocrx_word' id='word_1_243' title='bbox 934 3484 952 3530; x_wconf 85' lang='grc' dir='ltr'><strong>Α</strong></span> <span class='ocrx_word' id='word_1_244' title='bbox 969 3480 987 3529; x_wconf 79' lang='grc' dir='ltr'>Ε</span> <span class='ocrx_word' id='word_1_245' title='bbox 1003 3480 1020 3530; x_wconf 73' lang='lat' dir='ltr'><strong>t&gt;</strong></span> <span class='ocrx_word' id='word_1_246' title='bbox 1033 3480 1066 3530; x_wconf 91' lang='lat' dir='ltr'><strong>W</strong></span> <span class='ocrx_word' id='word_1_247' title='bbox 1080 3483 1178 3544; x_wconf 81' lang='lat' dir='ltr'><strong>(supro)</strong></span> <span class='ocrx_word' id='word_1_248' title='bbox 1192 3495 1206 3528; x_wconf 88' lang='lat' dir='ltr'><strong>a</strong></span> <span class='ocrx_word' id='word_1_249' title='bbox 1221 3497 1236 3528; x_wconf 95' lang='lat' dir='ltr'><strong>u</strong></span> <span class='ocrx_word' id='word_1_250' title='bbox 1252 3482 1261 3539; x_wconf 90' lang='grc'>(</span> <span class='ocrx_word' id='word_1_251' title='bbox 1266 3497 1313 3530; x_wconf 82' lang='grc' dir='ltr'><strong>ιιι</strong></span> 
     </span>
     <span class='ocr_line' id='line_1_35' title="bbox 191 3546 1313 3616; baseline -0.003 -16"><span class='ocrx_word' id='word_1_252' title='bbox 191 3546 303 3615; x_wconf 82' lang='lat' dir='ltr'><strong>Weiss.)</strong></span> <span class='ocrx_word' id='word_1_253' title='bbox 315 3551 357 3616; x_wconf 81' lang='lat' dir='ltr'><strong>qui</strong></span> <span class='ocrx_word' id='word_1_254' title='bbox 372 3549 484 3600; x_wconf 75' lang='lat' dir='ltr'><strong>conferri</strong></span> <span class='ocrx_word' id='word_1_255' title='bbox 494 3550 550 3598; x_wconf 86' lang='lat' dir='ltr'><strong>vuit</strong></span> <span class='ocrx_word' id='word_1_256' title='bbox 563 3549 589 3598; x_wconf 84' lang='lat' dir='ltr'><strong>S.</strong></span> <span class='ocrx_word' id='word_1_257' title='bbox 606 3547 637 3610; x_wconf 89' lang='grc' dir='ltr'><strong>ΙΙ,</strong></span> <span class='ocrx_word' id='word_1_258' title='bbox 653 3547 713 3596; x_wconf 76' lang='grc'><strong>937.</strong></span> <span class='ocrx_word' id='word_1_259' title='bbox 830 3550 890 3599; x_wconf 84' lang='grc'><strong>838.</strong></span> <span class='ocrx_word' id='word_1_260' title='bbox 910 3554 1033 3614; x_wconf 81' lang='lat' dir='ltr'><strong>qrroiirur</strong></span> <span class='ocrx_word' id='word_1_261' title='bbox 1047 3549 1124 3598; x_wconf 85' lang='lat' dir='ltr'><strong>Laur.</strong></span> <span class='ocrx_word' id='word_1_262' title='bbox 1139 3566 1155 3595; x_wconf 81' lang='lat' dir='ltr'><strong><em>a</em></strong></span> <span class='ocrx_word' id='word_1_263' title='bbox 1171 3549 1219 3597; x_wconf 90' lang='lat' dir='ltr'><strong>hm</strong></span> <span class='ocrx_word' id='word_1_264' title='bbox 1235 3547 1313 3610; x_wconf 91' lang='lat' dir='ltr'><strong>0bb.,</strong></span> 
     </span>
     <span class='ocr_line' id='line_1_36' title="bbox 191 3617 1315 3685; baseline 0 -18"><span class='ocrx_word' id='word_1_265' title='bbox 191 3624 298 3682; x_wconf 81' lang='lat' dir='ltr'><strong>quoties</strong></span> <span class='ocrx_word' id='word_1_266' title='bbox 312 3635 326 3668; x_wconf 92' lang='lat' dir='ltr'><strong>a</strong></span> <span class='ocrx_word' id='word_1_267' title='bbox 340 3635 354 3685; x_wconf 90' lang='lat' dir='ltr'>q</span> <span class='ocrx_word' id='word_1_268' title='bbox 368 3636 382 3668; x_wconf 92' lang='lat' dir='ltr'><strong>u</strong></span> <span class='ocrx_word' id='word_1_269' title='bbox 397 3635 450 3668; x_wconf 88' lang='lat' dir='ltr'><strong>eum</strong></span> <span class='ocrx_word' id='word_1_270' title='bbox 471 3618 551 3683; x_wconf 84' lang='lat' dir='ltr'><strong>requ.</strong></span> <span class='ocrx_word' id='word_1_271' title='bbox 567 3618 670 3682; x_wconf 87' lang='lat' dir='ltr'><strong>scriptis</strong></span> <span class='ocrx_word' id='word_1_272' title='bbox 683 3623 710 3665; x_wconf 90' lang='lat' dir='ltr'><strong>et</strong></span> <span class='ocrx_word' id='word_1_273' title='bbox 722 3617 780 3666; x_wconf 86' lang='lat' dir='ltr'><strong>edd.</strong></span> <span class='ocrx_word' id='word_1_274' title='bbox 904 3618 963 3668; x_wconf 73' lang='lat' dir='ltr'><strong>till.</strong></span> <span class='ocrx_word' id='word_1_275' title='bbox 985 3618 1135 3681; x_wconf 80' lang='lat' dir='ltr'><strong>r&#39;ngeir&#39;dnm</strong></span> <span class='ocrx_word' id='word_1_276' title='bbox 1149 3632 1162 3665; x_wconf 89' lang='lat' dir='ltr'><strong>a</strong></span> <span class='ocrx_word' id='word_1_277' title='bbox 1177 3633 1190 3680; x_wconf 90' lang='lat' dir='ltr'><strong>q</strong></span> <span class='ocrx_word' id='word_1_278' title='bbox 1206 3634 1238 3678; x_wconf 89' lang='lat' dir='ltr'><strong>u;</strong></span> <span class='ocrx_word' id='word_1_279' title='bbox 1256 3620 1315 3683; x_wconf 80' lang='lat' dir='ltr'><strong>flo-</strong></span> 
     </span>
     <span class='ocr_line' id='line_1_37' title="bbox 193 3685 1312 3754; baseline 0.001 -19"><span class='ocrx_word' id='word_1_280' title='bbox 193 3687 258 3736; x_wconf 77' lang='lat' dir='ltr'><strong>hrilr&#39;</strong></span> <span class='ocrx_word' id='word_1_281' title='bbox 270 3688 305 3751; x_wconf 84' lang='lat' dir='ltr'><strong>lt,</strong></span> <span class='ocrx_word' id='word_1_282' title='bbox 319 3687 455 3752; x_wconf 80' lang='lat' dir='ltr'><strong>sshriliE</strong></span> <span class='ocrx_word' id='word_1_283' title='bbox 468 3686 506 3746; x_wconf 88' lang='lat' dir='ltr'><strong>P,</strong></span> <span class='ocrx_word' id='word_1_284' title='bbox 518 3688 643 3754; x_wconf 76' lang='lat' dir='ltr'><strong>flabrare</strong></span> <span class='ocrx_word' id='word_1_285' title='bbox 658 3685 710 3735; x_wconf 81' lang='lat' dir='ltr'><strong>itti.</strong></span> <span class='ocrx_word' id='word_1_286' title='bbox 727 3704 749 3751; x_wconf 89' lang='lat' dir='ltr'><strong>p.</strong></span> <span class='ocrx_word' id='word_1_287' title='bbox 765 3687 813 3735; x_wconf 84' lang='grc'><strong>334</strong></span> <span class='ocrx_word' id='word_1_288' title='bbox 826 3686 873 3735; x_wconf 87' lang='lat' dir='ltr'><strong>duo</strong></span> <span class='ocrx_word' id='word_1_289' title='bbox 886 3688 960 3736; x_wconf 88' lang='lat' dir='ltr'><strong>codd.</strong></span> <span class='ocrx_word' id='word_1_290' title='bbox 975 3686 1101 3735; x_wconf 84' lang='lat' dir='ltr'><strong>Goidustii</strong></span> <span class='ocrx_word' id='word_1_291' title='bbox 1116 3687 1146 3733; x_wconf 88' lang='lat' dir='ltr'><strong>ad</strong></span> <span class='ocrx_word' id='word_1_292' title='bbox 1161 3685 1312 3736; x_wconf 84' lang='lat' dir='ltr'><strong>Columbau.</strong></span> 
     </span>
     <span class='ocr_line' id='line_1_38' title="bbox 190 3753 1312 3822; baseline 0.001 -19"><span class='ocrx_word' id='word_1_293' title='bbox 190 3770 215 3822; x_wconf 85' lang='lat' dir='ltr'><strong>p.</strong></span> <span class='ocrx_word' id='word_1_294' title='bbox 232 3757 279 3805; x_wconf 80' lang='lat' dir='ltr'><strong>itt</strong></span> <span class='ocrx_word' id='word_1_295' title='bbox 293 3755 389 3807; x_wconf 77' lang='lat' dir='ltr'><strong>Waltz.</strong></span> <span class='ocrx_word' id='word_1_296' title='bbox 405 3756 499 3819; x_wconf 86' lang='lat' dir='ltr'><strong>(uonB</strong></span> <span class='ocrx_word' id='word_1_297' title='bbox 520 3771 565 3804; x_wconf 84' lang='lat' dir='ltr'><strong>nee</strong></span> <span class='ocrx_word' id='word_1_298' title='bbox 582 3770 658 3821; x_wconf 86' lang='lat' dir='ltr'><strong>supra</strong></span> <span class='ocrx_word' id='word_1_299' title='bbox 672 3753 733 3816; x_wconf 88' lang='lat' dir='ltr'><strong>W),</strong></span> <span class='ocrx_word' id='word_1_300' title='bbox 755 3757 879 3821; x_wconf 82' lang='lat' dir='ltr'><strong>flabrari</strong></span> <span class='ocrx_word' id='word_1_301' title='bbox 892 3754 939 3817; x_wconf 87' lang='lat' dir='ltr'><strong>W,</strong></span> <span class='ocrx_word' id='word_1_302' title='bbox 960 3755 1088 3817; x_wconf 60' lang='lat' dir='ltr'><strong>,frubroli</strong></span> <span class='ocrx_word' id='word_1_303' title='bbox 1103 3754 1154 3815; x_wconf 84' lang='lat' dir='ltr'><strong>ln,</strong></span> <span class='ocrx_word' id='word_1_304' title='bbox 1179 3756 1276 3814; x_wconf 66' lang='lat' dir='ltr'><strong>‚fihrr&#39;li</strong></span> <span class='ocrx_word' id='word_1_305' title='bbox 1286 3771 1312 3821; x_wconf 82' lang='lat' dir='ltr'><strong>q,</strong></span> 
     </span>
     <span class='ocr_line' id='line_1_39' title="bbox 192 3822 1313 3886; baseline -0.001 -13"><span class='ocrx_word' id='word_1_306' title='bbox 192 3827 251 3874; x_wconf 86' lang='lat' dir='ltr'><strong>lect.</strong></span> <span class='ocrx_word' id='word_1_307' title='bbox 267 3825 335 3886; x_wconf 77' lang='lat' dir='ltr'><strong>vulp.</strong></span> <span class='ocrx_word' id='word_1_308' title='bbox 351 3824 573 3875; x_wconf 85' lang='lat' dir='ltr'><strong>sonhrmutetiam</strong></span> <span class='ocrx_word' id='word_1_309' title='bbox 587 3824 684 3877; x_wconf 86' lang='lat' dir='ltr'><strong>Weiss.</strong></span> <span class='ocrx_word' id='word_1_310' title='bbox 801 3825 860 3873; x_wconf 72' lang='lat' dir='ltr'><strong>tlh.</strong></span> <span class='ocrx_word' id='word_1_311' title='bbox 880 3829 998 3873; x_wconf 71' lang='lat' dir='ltr'><strong>existens</strong></span> <span class='ocrx_word' id='word_1_312' title='bbox 1011 3838 1035 3870; x_wconf 89' lang='lat' dir='ltr'><strong>a.</strong></span> <span class='ocrx_word' id='word_1_313' title='bbox 1150 3822 1207 3872; x_wconf 82' lang='grc'><strong>844.</strong></span> <span class='ocrx_word' id='word_1_314' title='bbox 1224 3825 1313 3874; x_wconf 80' lang='lat' dir='ltr'><strong>enode-</strong></span> 
     </span>
     <span class='ocr_line' id='line_1_40' title="bbox 190 3889 1311 3959; baseline -0.001 -17"><span class='ocrx_word' id='word_1_315' title='bbox 190 3897 295 3942; x_wconf 83' lang='lat' dir='ltr'><strong>ramine</strong></span> <span class='ocrx_word' id='word_1_316' title='bbox 311 3891 332 3940; x_wconf 89' lang='grc' dir='ltr'><strong>Τ</strong></span> <span class='ocrx_word' id='word_1_317' title='bbox 351 3892 425 3954; x_wconf 74' lang='lat' dir='ltr'><strong>Prag.</strong></span> <span class='ocrx_word' id='word_1_318' title='bbox 448 3894 502 3943; x_wconf 81' lang='lat' dir='ltr'><strong>ital.</strong></span> <span class='ocrx_word' id='word_1_319' title='bbox 525 3894 538 3940; x_wconf 87' lang='lat' dir='ltr'>b</span> <span class='ocrx_word' id='word_1_320' title='bbox 553 3892 619 3957; x_wconf 82' lang='lat' dir='ltr'><strong>[Cir.</strong></span> <span class='ocrx_word' id='word_1_321' title='bbox 634 3909 709 3958; x_wconf 88' lang='lat' dir='ltr'><strong>snpra</strong></span> <span class='ocrx_word' id='word_1_322' title='bbox 724 3890 804 3959; x_wconf 78' lang='lat' dir='ltr'><strong>stl];</strong></span> <span class='ocrx_word' id='word_1_323' title='bbox 820 3909 924 3957; x_wconf 70' lang='lat' dir='ltr'><strong>pruriens</strong></span> <span class='ocrx_word' id='word_1_324' title='bbox 944 3889 1018 3953; x_wconf 70' lang='lat' dir='ltr'><strong>Pus,</strong></span> <span class='ocrx_word' id='word_1_325' title='bbox 1036 3895 1135 3952; x_wconf 79' lang='lat' dir='ltr'><strong>partus</strong></span> <span class='ocrx_word' id='word_1_326' title='bbox 1156 3892 1176 3940; x_wconf 84' lang='lat' dir='ltr'><strong>tt</strong></span> <span class='ocrx_word' id='word_1_327' title='bbox 1191 3891 1210 3941; x_wconf 87' lang='grc' dir='ltr'><strong>Ε</strong></span> <span class='ocrx_word' id='word_1_328' title='bbox 1224 3891 1311 3953; x_wconf 71' lang='grc' dir='ltr'><strong>Ριιις.,</strong></span> 
     </span>
     <span class='ocr_line' id='line_1_41' title="bbox 188 3957 1223 4027; baseline -0.003 -16"><span class='ocrx_word' id='word_1_329' title='bbox 188 3977 288 4027; x_wconf 78' lang='lat' dir='ltr'><strong>parone</strong></span> <span class='ocrx_word' id='word_1_330' title='bbox 303 3960 335 4010; x_wconf 91' lang='lat' dir='ltr'>W</span> <span class='ocrx_word' id='word_1_331' title='bbox 348 3976 435 4025; x_wconf 87' lang='lat' dir='ltr'><strong>supra,</strong></span> <span class='ocrx_word' id='word_1_332' title='bbox 451 3962 511 4011; x_wconf 86' lang='lat' dir='ltr'><strong>leat.</strong></span> <span class='ocrx_word' id='word_1_333' title='bbox 526 3963 595 4024; x_wconf 75' lang='lat' dir='ltr'><strong>vulg.</strong></span> <span class='ocrx_word' id='word_1_334' title='bbox 612 3962 742 4012; x_wconf 81' lang='lat' dir='ltr'><strong>confirmat</strong></span> <span class='ocrx_word' id='word_1_335' title='bbox 755 3964 832 4011; x_wconf 91' lang='lat' dir='ltr'><strong>etiam</strong></span> <span class='ocrx_word' id='word_1_336' title='bbox 847 3959 942 4010; x_wconf 82' lang='lat' dir='ltr'><strong>Weiss.</strong></span> <span class='ocrx_word' id='word_1_337' title='bbox 1049 3957 1108 4008; x_wconf 79' lang='grc'><strong>846.</strong></span> <span class='ocrx_word' id='word_1_338' title='bbox 1128 3960 1181 4008; x_wconf 87' lang='lat' dir='ltr'><strong>ieoe</strong></span> <span class='ocrx_word' id='word_1_339' title='bbox 1195 3959 1223 4010; x_wconf 89' lang='lat' dir='ltr'><strong>it.</strong></span> 
     </span>
    </p>

    <p class='ocr_par' dir='ltr' id='par_1_5' title="bbox 224 4027 1275 4092">
     <span class='ocr_line' id='line_1_42' title="bbox 224 4027 1275 4092; baseline -0.007 -11"><span class='ocrx_word' id='word_1_340' title='bbox 224 4031 283 4082; x_wconf 82' lang='grc'><strong>848.</strong></span> <span class='ocrx_word' id='word_1_341' title='bbox 302 4030 425 4081; x_wconf 66' lang='lat' dir='ltr'><strong>cartutule</strong></span> <span class='ocrx_word' id='word_1_342' title='bbox 436 4028 464 4080; x_wconf 83' lang='lat' dir='ltr'><strong>fl.</strong></span> <span class='ocrx_word' id='word_1_343' title='bbox 605 4033 663 4080; x_wconf 73' lang='grc'>552.</span> <span class='ocrx_word' id='word_1_344' title='bbox 683 4037 723 4080; x_wconf 82' lang='lat' dir='ltr'><strong>sie</strong></span> <span class='ocrx_word' id='word_1_345' title='bbox 738 4032 747 4079; x_wconf 93' lang='lat'>1</span> <span class='ocrx_word' id='word_1_346' title='bbox 760 4047 792 4079; x_wconf 90' lang='lat' dir='ltr'><strong>m.</strong></span> <span class='ocrx_word' id='word_1_347' title='bbox 928 4028 987 4077; x_wconf 74' lang='lat' dir='ltr'><strong>ssi.</strong></span> <span class='ocrx_word' id='word_1_348' title='bbox 1004 4042 1165 4092; x_wconf 84' lang='lat' dir='ltr'><strong>pernoscere</strong></span> <span class='ocrx_word' id='word_1_349' title='bbox 1179 4029 1238 4078; x_wconf 82' lang='lat' dir='ltr'><strong>hol.</strong></span> <span class='ocrx_word' id='word_1_350' title='bbox 1256 4027 1275 4076; x_wconf 88' lang='lat' dir='ltr'><strong>i.</strong></span> 
     </span>
    </p>
   </div>
   <div class='ocr_carea' id='block_1_5' title="bbox 258 4098 504 4165">
    <p class='ocr_par' dir='ltr' id='par_1_6' title="bbox 258 4098 504 4165">
     <span class='ocr_line' id='line_1_43' title="bbox 258 4098 504 4165; baseline -0.008 -15"><span class='ocrx_word' id='word_1_351' title='bbox 258 4101 317 4150; x_wconf 82' lang='lat'>855.</span> <span class='ocrx_word' id='word_1_352' title='bbox 335 4117 415 4165; x_wconf 75' lang='lat' dir='ltr'><strong>porse</strong></span> <span class='ocrx_word' id='word_1_353' title='bbox 428 4098 504 4163; x_wconf 76' lang='lat' dir='ltr'><strong>Prag.</strong></span> 
     </span>
    </p>
   </div>
   <div class='ocr_carea' id='block_1_6' title="bbox 190 4232 1295 4374">
    <p class='ocr_par' dir='ltr' id='par_1_7' title="bbox 190 4232 1295 4374">
     <span class='ocr_line' id='line_1_44' title="bbox 241 4232 1295 4303; baseline -0.002 -18"><span class='ocrx_word' id='word_1_354' title='bbox 241 4237 302 4287; x_wconf 77' lang='lat'><strong>839.</strong></span> <span class='ocrx_word' id='word_1_355' title='bbox 329 4236 459 4303; x_wconf 81' lang='lat' dir='ltr'><strong>tepidum]</strong></span> <span class='ocrx_word' id='word_1_356' title='bbox 475 4235 561 4287; x_wconf 82' lang='lat' dir='ltr'><strong>clam.</strong></span> <span class='ocrx_word' id='word_1_357' title='bbox 584 4235 726 4285; x_wconf 79' lang='lat' dir='ltr'><strong>araturulem</strong></span> <span class='ocrx_word' id='word_1_358' title='bbox 772 4233 849 4283; x_wconf 80' lang='lat' dir='ltr'><strong>Poeta</strong></span> <span class='ocrx_word' id='word_1_359' title='bbox 863 4232 973 4299; x_wconf 83' lang='lat' dir='ltr'><strong>tepidum</strong></span> <span class='ocrx_word' id='word_1_360' title='bbox 985 4235 1068 4283; x_wconf 83' lang='lat' dir='ltr'><strong>hatum</strong></span> <span class='ocrx_word' id='word_1_361' title='bbox 1080 4241 1106 4282; x_wconf 92' lang='lat' dir='ltr'><strong>et</strong></span> <span class='ocrx_word' id='word_1_362' title='bbox 1116 4232 1225 4297; x_wconf 77' lang='lat' dir='ltr'><strong>gelidum</strong></span> <span class='ocrx_word' id='word_1_363' title='bbox 1236 4232 1295 4297; x_wconf 88' lang='grc'><strong>(841</strong></span> 
     </span>
     <span class='ocr_line' id='line_1_45' title="bbox 190 4302 1184 4374; baseline -0.003 -19"><span class='ocrx_word' id='word_1_364' title='bbox 190 4307 260 4356; x_wconf 85' lang='lat' dir='ltr'><strong>rosis</strong></span> <span class='ocrx_word' id='word_1_365' title='bbox 285 4307 412 4356; x_wconf 86' lang='lat' dir='ltr'><strong>animatae</strong></span> <span class='ocrx_word' id='word_1_366' title='bbox 434 4308 576 4374; x_wconf 66' lang='lat' dir='ltr'><strong>rhythmum</strong></span> <span class='ocrx_word' id='word_1_367' title='bbox 595 4303 726 4365; x_wconf 70' lang='lat' dir='ltr'><strong>intelligit.</strong></span> <span class='ocrx_word' id='word_1_368' title='bbox 771 4303 881 4369; x_wconf 88' lang='lat' dir='ltr'><strong>opponit.</strong></span> <span class='ocrx_word' id='word_1_369' title='bbox 903 4302 1016 4352; x_wconf 77' lang='lat' dir='ltr'><strong>Subinde</strong></span> <span class='ocrx_word' id='word_1_370' title='bbox 1030 4304 1061 4352; x_wconf 85' lang='lat' dir='ltr'><strong>de</strong></span> <span class='ocrx_word' id='word_1_371' title='bbox 1075 4304 1184 4354; x_wconf 82' lang='lat' dir='ltr'><strong>musica.</strong></span> 
     </span>
    </p>
   </div>
   <div class='ocr_carea' id='block_1_7' title="bbox 471 4398 634 4510">
    <p class='ocr_par' dir='ltr' id='par_1_8' title="bbox 471 4398 634 4510">
     <span class='ocr_line' id='line_1_46' title="bbox 471 4398 634 4510; baseline 0 0"><span class='ocrx_word' id='word_1_372' title='bbox 471 4398 634 4510; x_wconf 58' lang='grc' dir='ltr'><strong>Α</strong></span> 
     </span>
    </p>
   </div>
   <div class='ocr_carea' id='block_1_8' title="bbox 0 0 1426 4778">
    <p class='ocr_par' dir='ltr' id='par_1_9' title="bbox 0 0 1426 4778">
     <span class='ocr_line' id='line_1_47' title="bbox 0 0 1426 4778; baseline 0 6"><span class='ocrx_word' id='word_1_373' title='bbox 0 0 1426 4778; x_wconf 95' lang='lat' dir='ltr'><strong> </strong></span> 
     </span>
    </p>
   </div>
  </div>
 </body>
</html>
