2842 4808
535 305 756 358 duoruuosis

172 493 392 569 depositorque
406 489 510 554 Patris
525 490 665 566 Natique
680 491 790 551 insane
805 492 947 565 negator.

171 586 285 650 Nonne
299 584 425 649 Patrem
441 589 553 662 riolas,
572 588 644 648 dum
659 583 777 647 Natum
794 585 875 647 scire
890 583 1041 647 recusas?
1167 594 1216 645 tao

168 683 418 759 quandoquidem
434 686 561 748 nonest
575 680 713 757 genitor,
731 680 793 741 nisi
809 678 894 740 illius
910 681 1010 754 extet,

171 793 228 838 nec
244 778 384 838 vocitare
399 781 518 852 patrem
535 776 617 853 potls
633 791 679 850 es,
698 790 789 850 quem
805 775 947 849 germine
963 774 1104 837 fraudas.

172 868 232 934 Sed
249 871 385 932 tortasse
400 871 480 932 velis
496 871 617 945 patriae
633 869 760 944 pietatis
777 869 895 930 nonore

171 967 345 1041 despoliare
360 962 473 1037 Deum,
492 967 659 1025 contentus
676 964 800 1023 nomine
817 963 912 1038 nudo,

173 1063 251 1136 quod
268 1059 351 1122 Deus
368 1063 428 1134 est,
446 1059 627 1133 adimasque
643 1058 737 1119 decus
749 1054 855 1118 Patris
870 1061 902 1118 et
916 1058 1043 1132 generis
1058 1059 1133 1120 vim.
1166 1067 1213 1118 ios

172 1150 290 1227 Ecquis
306 1153 339 1213 in
355 1151 449 1213 idolio
466 1151 620 1212 resultans
635 1149 719 1211 inter
734 1165 824 1213 saera
842 1150 927 1211 mille

172 1245 382 1319 ridiculosque
398 1243 472 1305 deos
487 1256 643 1302 venerans
660 1243 738 1318 sale,
756 1245 905 1319 caespite,
924 1247 1007 1320 ture,

171 1353 233 1399 noo
250 1343 338 1414 putat
354 1354 424 1399 esse
440 1334 540 1400 Deum
556 1352 712 1399 summum
728 1344 759 1401 et
774 1353 869 1415 super
884 1341 989 1402 omnia
1004 1339 1128 1402 solumi

171 1429 324 1513 Quamvis
341 1430 501 1508 Saturnis,
519 1430 693 1495 Iunonibus
710 1437 740 1494 ει
756 1430 925 1509 Cythereia

170 1526 386 1602 portentisque
401 1527 474 1588 allis
489 1527 650 1587 fumantes
666 1532 828 1589 consecret
844 1543 933 1589 aras=
1164 1539 1213 1589 iso

170 1626 306 1683 attamen
324 1625 355 1685 in
372 1625 493 1686 eaelum
509 1623 656 1699 quotiens
672 1625 827 1701 suspexit,
846 1625 877 1686 in
895 1639 958 1686 uno

169 1715 334 1776 constituit
349 1716 399 1776 ius
414 1731 505 1777 omne
522 1712 599 1790 Deo,
619 1716 670 1777 cui
686 1717 807 1780 serviat
821 1719 933 1794 ingens

170 1812 321 1872 virtutum
338 1811 419 1873 ratio
434 1812 533 1872 variis
550 1813 703 1873 instructa
720 1811 886 1873 ministris.

228 1898 318 1982 Quae
329 1919 409 1979 gens
422 1908 483 1965 tam
497 1907 610 1968 stolida
623 1911 672 1968 est
684 1908 807 1980 animis,
823 1912 884 1967 tam
900 1906 1031 1968 barbara
1043 1905 1177 1982 linguis?

169 2012 289 2073 quaeve
305 1999 488 2075 superstitio
502 2004 566 2062 tarn
583 2003 719 2077 sordida,
737 2017 817 2078 quae
832 2003 1035 2064 oaniiormem
1163 2012 1212 2063 tos

171 2093 398 2168 latrantemque
413 2094 525 2156 throno
540 2097 617 2157 caeli
635 2100 805 2173 praeponat
821 2095 984 2157 Anuiemt

168 2183 270 2248 Nemo
287 2183 475 2264 Cloacinae,
494 2193 550 2250 aut
566 2188 693 2265 Eponae
709 2204 804 2266 super
818 2193 904 2250 astra
920 2189 1036 2250 dealrus

167 2281 221 2341 dat
236 2282 361 2358 solium,
379 2285 524 2357 quamvis
540 2285 653 2345 olidam
670 2285 827 2360 persolvat
843 2298 995 2359 acerram,

154 2463 213 2513 179.
232 2463 375 2529 Depositoa
388 2478 413 2513 a.
587 2464 644 2515 184.
663 2465 823 2531 Dispoliars
836 2464 857 2515 Α
871 2478 885 2514 a
898 2479 921 2513 ιιι
935 2480 950 2530 q
962 2464 1024 2527 (non
1038 2459 1143 2530 aare).

119 2531 177 2581 186.
198 2531 299 2595 Ecquis
319 2531 337 2581 ii
359 2531 436 2583 raon.
453 2529 507 2582 Gis.
529 2530 616 2583 Helas.
639 2531 705 2583 eeu.
729 2535 805 2583 Ares.
829 2533 894 2583 oio.
915 2531 1070 2600 [condatum
1088 2538 1172 2581 estex
1186 2535 1213 2580 at

99 2603 160 2660 asts,
180 2601 222 2649 vel
241 2598 373 2650 Priseiano
392 2601 500 2651 docente
520 2617 544 2666 p.
559 2603 610 2651 556
628 2601 668 2652 ed.
686 2601 789 2651 Potseh.
805 2618 837 2652 en
850 2618 881 2651 en
895 2599 985 2668 quid,
1010 2601 1046 2651 Et
1059 2603 1119 2665 quia
1132 2597 1211 2649 Lana.

117 2668 180 2717 εἰει.
194 2685 213 2716 α
225 2668 240 2717 ir
252 2684 276 2717 m
289 2685 304 2733 q
318 2685 332 2717 n
347 2669 404 2719 nia.
421 2669 502 2732 [ιιι.
517 2669 589 2720 Siela.
599 2678 651 2720 tres
666 2668 762 2720 Weitz.
775 2670 852 2720 ctos.
866 2670 947 2720 Paeti.
962 2669 1070 2731 Amata,
1085 2683 1116 2719 ex
1130 2666 1212 2717 altero

79 2743 168 2786 natum
179 2744 222 2786 est
230 2736 361 2786 literarum
374 2739 573 2803 transpositione
581 2737 683 2804 Nequit
693 2754 707 2788 a
718 2745 744 2789 et
752 2746 897 2805 eorroptom
909 2738 1024 2802 Neequr'a
1035 2738 1055 2788 Α
1066 2736 1096 2799 it,
1109 2734 1214 2786 Mortes

79 2814 123 2854 ius
136 2820 167 2853 ea
188 2803 247 2853 Bai.
266 2808 415 2870 „Quianam
435 2807 573 2859 idolorum
591 2806 624 2856 ab
644 2807 729 2873 inepto
747 2815 893 2858 comesione
912 2807 971 2856 aliia
989 2807 1081 2868 abr.“‚
1101 2809 1133 2853 nt
1151 2808 1213 2870 pm'a

79 2888 158 2936 supra
174 2879 201 2922 et
214 2871 258 2922 W.
436 2875 494 2925 ist.
514 2874 715 2940 Baeticolasque
728 2891 758 2938 a,
773 2874 959 2942 Ridtcolosqoa
972 2889 1050 2942 snpra
1063 2891 1080 2924 u
1094 2873 1119 2922 b.

120 2942 177 2990 188.
194 2946 276 3006 putet
290 2943 299 2991 1
312 2942 336 2991 b.
471 2944 529 2994 189.
548 2948 646 2994 eeten's
659 2945 700 2993 da's
714 2945 787 3004 liam,
807 2947 943 3012 optiorar'a
957 2960 983 2993 ιι.
1105 2941 1161 2993 191.
1182 2943 1212 2990 in

79 3010 155 3059 eaelo
169 3026 200 3075 o;
215 3014 341 3075 quotiens
353 3009 432 3060 Laus.
444 3028 462 3060 α
473 3011 488 3061 i
498 3028 521 3061 m
532 3029 546 3078 q
557 3011 655 3063 Weitz.
668 3011 745 3075 066,
759 3017 867 3078 quoties
881 3013 961 3077 requ.
972 3031 979 3072 3
991 3016 1019 3061 in
1032 3015 1086 3062 imo
1101 3010 1176 3075 Prag.

152 3080 211 3128 196.
232 3080 349 3128 Anubim
362 3079 419 3129 did.
435 3078 518 3143 [ειμι.
532 3081 667 3132 Sieb.trea
687 3080 763 3132 Febr.
778 3079 833 3131 Gis.
854 3082 929 3131 Ciror,
948 3081 1030 3130 i’oett.
1046 3082 1142 3129 Amatr.

117 3146 176 3195 197.
197 3147 333 3196 rioatinae
345 3165 377 3206 n;
397 3149 505 3214 Eponae
526 3149 626 3200 lisinas.
648 3150 851 3215 praestantiores
868 3166 924 3199 enm
939 3149 1016 3200 T2rr.
1031 3147 1107 3212 Praq.
1122 3146 1181 3198 liat.
1195 3163 1213 3196 α

78 3214 131 3264 bn
143 3213 222 3264 Fabr.
237 3214 333 3264 Weitz.
350 3216 437 3267 deins.
453 3215 518 3268 eeu.
535 3223 610 3268 Arev.
626 3217 709 3281 osu,
729 3233 848 3282 asponae
858 3216 966 3277 Weiss,
985 3233 1073 3286 ypone
1085 3231 1113 3276 a,
1126 3217 1213 3280 Hippo

78 3281 136 3332 ais.
152 3285 251 3332 Austr.
267 3320 274 3340 ,
289 3285 419 3349 asphanae
432 3285 452 3334 Α
466 3283 488 3335 Ν
500 3285 522 3336 0
535 3302 549 3352 q
564 3303 578 3335 n
592 3287 651 3337 did.
666 3285 747 3350 Lngd.
763 3286 896 3337 Sieb.trea
909 3284 987 3336 Char.
1002 3286 1103 3348 Poett.‚
1126 3286 1214 3350 Equa-

79 3367 133 3399 m
144 3352 213 3400 coni.
230 3352 318 3402 Barth.
335 3353 353 3401 i.
368 3353 386 3402 i.
400 3351 497 3416 xxvi,
515 3355 554 3404 11.
650 3355 707 3405 198.
728 3355 829 3406 olidam
844 3354 863 3404 B
876 3355 934 3416 (alt.
950 3355 980 3404 ad
994 3354 1089 3417 marg.)
1104 3351 1123 3402 it
1136 3352 1211 3416 l’rass.

80 3417 140 3468 itai.
161 3418 285 3470 Weiss.
305 3421 431 3482 (solidam
455 3421 587 3485 lWeiss.)
606 3439 629 3472 m
648 3423 717 3485 (eom
736 3424 771 3487 ql.
786 3424 913 3487 alentem)
936 3423 989 3473 Gis.
1010 3427 1105 3472 Amatr.
1122 3421 1210 3470 lieioa.

79 3488 147 3537 ceu.
171 3493 247 3536 Aren.
271 3488 336 3538 oia.
359 3488 426 3554 [cte.
441 3489 494 3540 lov.
510 3490 579 3551 viil,
597 3491 655 3557 157]
664 3530 673 3554 ,
700 3492 813 3542 solidam
835 3491 950 3542 ALaur.
972 3508 990 3539 α
1003 3505 1018 3539 a
1033 3490 1073 3554 iq
1089 3507 1104 3538 u
1117 3487 1171 3538 Gir.
1186 3489 1212 3538 in

79 3557 165 3621 quinis
177 3558 366 3621 exemplaribus
378 3559 436 3608 nid.
454 3558 534 3622 Lngd.
553 3560 622 3609 δίει.
634 3568 687 3611 tres
707 3559 783 3610 Febr.
799 3558 895 3610 Weitz.
917 3561 992 3609 Cher.
1008 3557 1102 3619 Paeti„
1116 3565 1213 3607 utram·

79 3640 128 3689 qne
149 3625 209 3674 leet.
231 3629 351 3689 cognovit
371 3627 419 3676 iso.
443 3626 577 3693 [Sotidam
596 3629 627 3678 de
646 3630 729 3693 plenis
748 3637 824 3695 atque
842 3629 966 3694 perfectis
985 3626 1122 3677 honoribus
1136 3625 1212 3676 intel-

81 3691 171 3760 ooo·

133 3830 193 3880 186.
215 3829 234 3878 Ι,
252 3829 288 3879 io.
304 3831 329 3891 2,
344 3832 386 3881 23.
725 3834 783 3884 197.
804 3831 959 3900 Cloacinae]
975 3833 1098 3884 Cloaeioa
1117 3834 1214 3884 cloacis

135 3899 192 3948 186.
215 3899 236 3948 i.
251 3899 312 3948 Cor.
327 3903 353 3958 8,
372 3901 452 3950 idib.
466 3901 574 3966 interpr.
671 3902 719 3951 dea
744 3902 900 3968 praesideas.
928 3901 993 3951 Plio.
1020 3902 1079 3961 XV,
1104 3903 1148 3964 29,
1168 3904 1211 3961 36,

133 3967 193 4015 187.
214 3967 269 4017 etr.
287 3966 313 4016 Ρ.
330 3967 373 4029 ΙΙΙ,
392 3970 449 4030 122,
467 3968 498 4031 V,
513 3973 556 4019 56.
672 3969 742 4019 Lati.
761 3971 781 4029 Ι,
795 3971 837 4020 20.
857 3972 896 4032 ii,
923 3970 1033 4020 Salmas.
1053 3971 1085 4019 ad
1099 3970 1211 4020 Terioli.

133 4035 193 4084 196.
214 4035 346 4102 Anubem]
376 4036 489 4086 Osiridis
511 4046 539 4088 et
560 4036 627 4103 Nep
670 4039 702 4087 de
716 4039 777 4105 pall,
792 4055 816 4104 p.
831 4039 1056 4104 330.-Epona]
1072 4039 1211 4088 mulionum

78 4102 168 4167 thedis
178 4104 257 4154 filiun
268 4119 324 4153 saar
336 4107 428 4154 canino
440 4106 535 4170 eapite.
550 4106 626 4156 uisa.
670 4106 717 4157 dea
730 4108 842 4157 subolis
854 4115 965 4172 praeest.
983 4107 1069 4156 Seiroi.
1081 4108 1112 4156 ad
1124 4105 1210 4157 iovem

76 4170 132 4220 Sic.
149 4171 170 4232 Ι,
185 4189 209 4237 p.
226 4176 268 4231 77,
284 4171 354 4237 Virg.
375 4175 439 4223 Aen.
454 4173 524 4238 uili,
538 4176 588 4226 698
600 4181 629 4224 et
671 4174 740 4232 i'iii,
754 4178 813 4236 167,
825 4175 954 4226 Plutarch.
966 4177 1011 4224 vit.
1024 4176 1106 4238 paral.
1117 4174 1211 4239 pm,

77 4239 203 4290 latrator
222 4242 335 4291 ,inuiis
363 4240 438 4308 Prop.
463 4243 504 4306 iv,
529 4243 570 4308 it,
592 4245 621 4294 ii
671 4242 709 4292 E:
729 4243 789 4294 lora
807 4239 874 4300 θεὸς
898 4237 1035 4307 πρόνοιαν
1061 4244 1213 4311 ποιουμένη

77 4306 223 4373 (heht),
244 4310 340 4359 Arnai.
357 4309 390 4372 ΙΙ,
403 4311 447 4361 fio.
670 4310 769 4362 ἵππων
781 4311 830 4379 [ai.
844 4305 1000 4377 lundrarl.
