2842 4808
146 332 218 384 cta.
236 332 279 382 ΙΙΙ.
300 333 345 383 Dii
361 332 535 385 CODICIBUS
550 335 624 386 MSS.
640 336 684 387 ΒΤ
697 335 907 390 EDITIONIBUS
920 337 1111 393 abundarit.
1167 346 1242 386 1⁴th

108 502 252 587 Hymnus
265 506 299 567 t'a
314 504 433 570 honore
444 510 604 590 passionis
622 506 773 570 Eulaliae
789 508 966 586 beatrlssr‘mp
979 510 1128 594 virginis.
1145 509 1244 574 Liber

106 612 148 677 dc
163 614 257 677 beato
273 614 412 681 Romano
428 629 580 703 martyre.
607 616 717 681 Passio
738 601 797 682 Sei
810 620 955 683 Bararus
972 620 1079 684 Pteart'.
1098 622 1240 705 caplt‘ct‘t.

107 707 254 793 Hymnus
275 712 396 774 natalis
412 711 549 775 Domini.
576 710 719 798 Hymnus
744 711 931 799 Epiphania.
957 715 1052 778 Ltbcr
1073 714 1112 777 de
1138 715 1243 778 Trini-

108 813 176 865 tatc
191 803 519 871 prodeuntium.
537 805 711 890 Apoteosir
730 806 850 871 Contra
864 808 1007 873 dicresim
1024 830 1105 896 puae
1115 809 1243 872 Patrem

107 898 241 962 Possum
258 898 412 983 optimas.
442 901 562 965 Contra
580 900 756 965 Uat'om‘tas.
780 901 960 967 Adversum
975 903 1102 980 [adeas.
1124 902 1244 967 Contra

106 989 377 1055 Hemuatr‘oat‘tua.
408 994 457 1057 De
471 1005 588 1057 notros
604 997 735 1058 animae.
753 996 916 1058 aduersam
922 995 1173 1080 fantasmaticos
1188 997 1246 1082 qai

107 1100 194 1185 up}
207 1106 310 1187 aegit
321 1111 399 1166 uerat
415 1124 529 1188 eorpus
548 1104 706 1167 babuisse.
731 1106 850 1190 Incipit
863 1093 923 1169 Lm
939 1129 1018 1171 utras
1036 1107 1241 1193 Admurtt'ge·

105 1212 164 1273 orta
176 1207 357 1275 Adversum
372 1212 580 1277 marcionitas
594 1216 651 1298 put
664 1214 741 1277 duos
756 1215 838 1278 deos.
858 1214 904 1279 aa.
923 1228 1081 1280 arserunt,
1096 1215 1246 1300 Explicit

107 1310 172 1387 bid
191 1303 526 1403 ie‘dAdmorsigenm.
566 1318 644 1399 [Iam
668 1330 834 1402 sequuntur
857 1326 874 1381 2
899 1320 966 1384 libri
994 1332 1100 1384 contra
1127 1323 1240 1406 Syrum.

105 1418 227 1484 Abeunt
245 1418 396 1503 inseriptt.
421 1414 515 1477 minio
535 1415 646 1491 rubro,
671 1415 850 1498 praefationi
872 1415 971 1478 iibrii
993 1436 1099 1478 manus
1121 1415 1242 1498 antiqua

107 1515 264 1580 remotior
279 1512 488 1600 praescripsit:
507 1510 703 1574 PAVLVS.
735 1512 768 1575 in
784 1514 917 1577 seeundo
934 1512 985 1575 lib.
1004 1522 1109 1576 canna
1126 1514 1239 1597 Symm.

106 1607 213 1672 verbis
248 1606 382 1670 ciusdem
419 1606 521 1667 eadem
560 1624 665 1667 manus
703 1605 912 1688 praescripsit=
952 1603 1242 1670 SYMMACHVS

107 1701 255 1773 DIXIT,
278 1702 327 1765 vel
350 1703 463 1764 solum:
488 1699 748 1764 SYMMACHI.
796 1700 898 1765 Ubivis
922 1707 1050 1785 spatium
1076 1699 1169 1762 titulis
1190 1701 1242 1761 ad·

106 1793 279 1859 scribendis
293 1793 431 1857 relictum
447 1797 519 1874 est]
546 1793 625 1875 [lam
642 1795 778 1877 sequitur
793 1792 1093 1859 attractibus!
1113 1792 1178 1856 sinc
1196 1792 1242 1855 in·

106 1891 298 1975 scriptione]⁸
323 1889 457 1972 Elegans
479 1899 526 1951 est
541 1889 726 1972 optimaeque
742 1890 878 1973 praebuit
893 1889 1051 1953 lectiones.
1090 1886 1194 1950 Multis
1208 1886 1241 1950 in

107 1986 184 2049 iocis
200 2005 307 2048 manus
323 1982 464 2065 antiquae
480 1982 689 2045 emendatriois
706 1983 834 2067 vestigia
853 1992 1029 2046 cernuntur.
1048 1981 1136 2043 Varr.
1154 1979 1239 2044 lectt.

106 2079 196 2163 signo
224 2079 240 2141 t
266 2078 451 2161 praescripto
478 2077 651 2159 frequenter
678 2076 805 2160 singuiis
838 2076 989 2140 vocabulis
1019 2076 1240 2159 superadditae.

106 2171 228 2234 Scholia
252 2170 458 2235 interlinearia
481 2180 512 2232 et
537 2169 715 2252 marginalia
737 2170 808 2232 libb.
834 2170 940 2244 Cati,
970 2169 1101 2246 Perist.,
1129 2169 1239 2252 Apotb.

106 2267 224 2329 inserta
241 2266 304 2329 tere
320 2264 443 2341 eadem,
467 2283 543 2345 quae
567 2263 695 2347 largitur
715 2263 781 2325 cod.
800 2263 889 2326 Alex.
909 2271 982 2326 321.
1015 2263 1243 2326 praestantiora

106 2359 206 2422 textui
222 2368 346 2421 nostrae
362 2358 409 2421 ed.
424 2355 615 2420 subiciamus.
642 2356 859 2440 Ortbograpbia
876 2356 997 2420 omnino
1013 2359 1049 2421 ad
1066 2358 1132 2421 eod.
1148 2358 1239 2421 Alex.

109 2462 169 2519 32¹
196 2454 323 2517 accedit.
362 2452 479 2516 Adsunt
500 2451 588 2515 metri
611 2451 830 2535 explicationes
853 2473 912 2515 non
936 2453 1051 2537 signis,
1069 2454 1122 2517 sed
1137 2452 1241 2516 verbis

106 2552 276 2614 coniectae.
294 2549 400 2613 Codex
414 2549 495 2610 inter
509 2548 584 2610 istos
602 2547 667 2623 luit,
685 2549 732 2628 qui
751 2568 824 2630 pace
834 2547 984 2611 Tolentini
1001 2549 1076 2611 inita
1091 2571 1108 2611 a
1127 2546 1239 2610 PioVI.

107 2644 373 2729 Francogailorum
404 2642 583 2726 reipublicae
620 2642 858 2706 moderatoribus
887 2664 952 2706 cum
989 2643 1057 2706 aliis
1087 2643 1241 2726 permultis

106 2739 257 2803 scientiae
274 2737 393 2802 stertis
408 2736 608 2800 monumentis
624 2736 761 2800 concessi
783 2736 919 2800 Lutetias
936 2735 1119 2800 Parisiorum
1135 2735 1242 2819 depor-

107 2832 165 2898 tati
194 2834 328 2896 suerunt.
374 2831 444 2894 inde
472 2831 588 2915 siguum
621 2830 840 2915 Bibliotltdpae
869 2831 1042 2896 Notr'onolc
1069 2829 1125 2893 sub
1154 2830 1240 2893 initio

104 2927 205 2992 adbuc
221 2925 342 2988 visitur.

194 3064 271 3127 Cod.
291 3063 330 3128 V
326 3072 372 3128 ut.
391 3069 473 3126 3860
490 3062 614 3126 membr.
633 3062 696 3125 loll.
716 3068 755 3123 80
773 3061 996 3125 octonariorum
1013 3061 1118 3125 maior.
1137 3062 1241 3126 scal(

104 3172 266 3224 exaratus.
300 3161 405 3224 insunt
423 3159 476 3222 lib.
495 3158 581 3222 Catb.
601 3179 661 3221 non
677 3158 807 3242 integer,
826 3158 878 3220 lib.
896 3158 1004 3221 Perist.
1019 3205 1028 3236 ‚
1045 3156 1239 3242 Apotheosis,

104 3259 136 3319 in
154 3257 274 3321 laudem
290 3256 321 3319 S.
340 3255 444 3340 Agnae
465 3257 598 3319 carmina
614 3254 849 3332 constantinae,
875 3255 1066 3319 Constantini
1088 3254 1185 3331 filiae,
1210 3266 1242 3319 et

105 3353 136 3415 S.
157 3352 280 3417 Damasi
297 3352 406 3436 Papae,
424 3351 632 3416 Dittocbaeon.
657 3349 901 3414 Montiauoonins
917 3350 1085 3413 litterarum
1101 3350 1241 3435 deceptus

107 3446 316 3529 magnitudine
330 3464 399 3509 enm
414 3464 470 3509 suo
485 3445 551 3507 iure
567 3465 630 3508 sec.
649 3443 695 3507 tx
709 3445 851 3526 seriptum
868 3444 1033 3521 existimat,
1050 3444 1162 3506 rectius
1179 3445 1241 3507 elc-

105 3554 230 3624 gsutem
254 3541 393 3604 affirmat.
425 3539 458 3603 ln
483 3538 588 3623 primis
610 3538 689 3600 loliis
712 3538 787 3601 baud
805 3558 896 3621 pauca
912 3538 1117 3599 extabuerunt
1132 3538 1190 3615 ita,
1208 3550 1242 3602 ut

106 3636 287 3721 recognosci
303 3657 365 3699 non
380 3634 542 3721 potuerint.
560 3633 743 3717 Hymnoram
760 3632 971 3717 inscriptiones
987 3632 1097 3697 litteris
1112 3634 1241 3701 rutilatis

105 3732 272 3795 maioribus
286 3732 402 3813 pictae,
425 3729 512 3792 metri
529 3728 689 3813 explicatio
705 3730 768 3791 iere
786 3729 882 3792 ubivis
898 3729 1043 3813 adposita.
1078 3728 1242 3817 Ortbogra·

106 3824 177 3907 pbia
192 3823 269 3887 satis
284 3832 422 3887 correcta
437 3831 588 3903 astatque
604 3821 710 3887 similis
727 3822 825 3900 illius,
849 3844 934 3906 quam
951 3823 1086 3906 sequitur
1101 3825 1241 3893 librarius

104 3917 327 3981 antecedentis·
356 3916 464 3981 Manus
481 3915 575 4001 ipsius
591 3914 707 3978 librarii
723 3914 876 3994 correxit,
893 3917 998 3980 erasit.
1033 3918 1065 3981 in
1081 3919 1133 3982 lib.
1153 3921 1239 3984 Catb.

105 4011 225 4074 scholia
239 4010 354 4094 aliquot
368 4010 531 4095 adscripta,
549 4010 649 4093 plures
664 4009 695 4072 in
712 4009 849 4074 omnibus
862 4012 1046 4077 carminibus
1058 4036 1140 4078 vars.
1157 4017 1240 4081 lectt.

105 4106 333 4190 superadditae.
371 4106 564 4191 Singulorum
586 4106 659 4169 ordo
681 4114 712 4168 et
733 4105 828 4170 tituli:
841 4152 1015 4170 .........
1039 4111 1153 4174 Yrrrnas
1170 4121 1243 4176 ante

104 4221 262 4265 somnum.
292 4200 407 4265 Ymnus
422 4201 627 4265 ieiunantium
654 4199 809 4284 [Sequitur
823 4201 926 4286 hymn.
945 4204 1032 4282 vm,
1052 4205 1156 4271 titulus
1172 4228 1243 4273 eva·

106 4295 203 4378 naitl.
235 4295 352 4360 Ymaus
366 4298 452 4359 omni
464 4295 557 4359 bora.
587 4295 702 4358 Ymnus
713 4298 802 4361 omae
813 4297 982 4385 [irrequies
995 4300 1241 4386 Defieaetorum.

178 4420 473 4467 maenianum-ta.
1017 4406 1035 4469 d
