<?xml version="1.0" encoding="UTF-8"?>
<!DOCTYPE html PUBLIC "-//W3C//DTD XHTML 1.0 Transitional//EN"
    "http://www.w3.org/TR/xhtml1/DTD/xhtml1-transitional.dtd">
<html xmlns="http://www.w3.org/1999/xhtml" xml:lang="en" lang="en">
 <head>
  <title>
</title>
<meta http-equiv="Content-Type" content="text/html;charset=utf-8" />
  <meta name='ocr-system' content='tesseract 3.04.00' />
  <meta name='ocr-capabilities' content='ocr_page ocr_carea ocr_par ocr_line ocrx_word'/>
</head>
<body>
  <div class='ocr_page' id='page_1' title='image "./quaeexstantcarm00dresgoog_0061.png"; bbox 0 0 2842 4808; ppageno 0'>
   <div class='ocr_carea' id='block_1_1' title="bbox 139 317 828 376">
    <p class='ocr_par' dir='ltr' id='par_1_1' title="bbox 139 317 828 376">
     <span class='ocr_line' id='line_1_1' title="bbox 139 317 828 376; baseline 0.003 -4"><span class='ocrx_word' id='word_1_1' title='bbox 139 332 181 372; x_wconf 82' lang='lat' dir='ltr'><strong>mr</strong></span> <span class='ocrx_word' id='word_1_2' title='bbox 436 317 441 327; x_wconf 88' lang='lat'>&#39;</span> <span class='ocrx_word' id='word_1_3' title='bbox 563 322 828 376; x_wconf 73' lang='lat' dir='ltr'><strong>ruotmaousna.</strong></span> 
     </span>
    </p>
   </div>
   <div class='ocr_carea' id='block_1_2' title="bbox 139 489 1276 1244">
    <p class='ocr_par' dir='ltr' id='par_1_2' title="bbox 139 489 1276 1244">
     <span class='ocr_line' id='line_1_2' title="bbox 139 489 1273 582; baseline -0.006 -24"><span class='ocrx_word' id='word_1_4' title='bbox 139 497 325 582; x_wconf 81' lang='lat' dir='ltr'><strong>alloquitur.</strong></span> <span class='ocrx_word' id='word_1_5' title='bbox 366 494 474 577; x_wconf 74' lang='lat' dir='ltr'><strong>l’racf.</strong></span> <span class='ocrx_word' id='word_1_6' title='bbox 510 496 609 558; x_wconf 82' lang='lat' dir='ltr'><strong>Libri.</strong></span> <span class='ocrx_word' id='word_1_7' title='bbox 645 494 690 557; x_wconf 84' lang='grc' dir='ltr'><strong>ΙΙ.</strong></span> <span class='ocrx_word' id='word_1_8' title='bbox 723 495 872 556; x_wconf 81' lang='lat' dir='ltr'><strong>aduersus</strong></span> <span class='ocrx_word' id='word_1_9' title='bbox 902 490 1013 554; x_wconf 73' lang='lat' dir='ltr'><strong>arcadi.</strong></span> <span class='ocrx_word' id='word_1_10' title='bbox 1059 489 1273 554; x_wconf 76' lang='lat' dir='ltr'><strong>AVttabn.</strong></span> 
     </span>
     <span class='ocr_line' id='line_1_3' title="bbox 142 586 1275 675; baseline -0.006 -22"><span class='ocrx_word' id='word_1_11' title='bbox 142 588 413 654; x_wconf 79' lang='lat' dir='ltr'><strong>PaVnatvrtt.</strong></span> <span class='ocrx_word' id='word_1_12' title='bbox 443 587 721 654; x_wconf 82' lang='lat' dir='ltr'><strong>CLEMENTIS.</strong></span> <span class='ocrx_word' id='word_1_13' title='bbox 754 588 971 675; x_wconf 72' lang='lat' dir='ltr'><strong><em>Symmachus.</em></strong></span> <span class='ocrx_word' id='word_1_14' title='bbox 1002 586 1206 649; x_wconf 79' lang='lat' dir='ltr'><em>Prudentius.</em></span> <span class='ocrx_word' id='word_1_15' title='bbox 1230 623 1275 634; x_wconf 95' lang='lat'><em>-</em></span> 
     </span>
     <span class='ocr_line' id='line_1_4' title="bbox 140 680 1276 768; baseline 0.003 -26"><span class='ocrx_word' id='word_1_16' title='bbox 140 680 379 765; x_wconf 88' lang='lat' dir='ltr'><strong>Ortbograpbiae</strong></span> <span class='ocrx_word' id='word_1_17' title='bbox 395 683 471 745; x_wconf 90' lang='lat' dir='ltr'><strong>ratic</strong></span> <span class='ocrx_word' id='word_1_18' title='bbox 488 703 504 744; x_wconf 92' lang='lat' dir='ltr'><strong>a</strong></span> <span class='ocrx_word' id='word_1_19' title='bbox 522 683 587 745; x_wconf 91' lang='lat' dir='ltr'><strong>eod.</strong></span> <span class='ocrx_word' id='word_1_20' title='bbox 606 683 697 745; x_wconf 75' lang='lat' dir='ltr'><strong>illex.</strong></span> <span class='ocrx_word' id='word_1_21' title='bbox 717 687 776 745; x_wconf 88' lang='grc'><strong>321</strong></span> <span class='ocrx_word' id='word_1_22' title='bbox 792 680 901 743; x_wconf 89' lang='lat' dir='ltr'><strong>leviter</strong></span> <span class='ocrx_word' id='word_1_23' title='bbox 915 681 1076 768; x_wconf 77' lang='lat' dir='ltr'><strong>discrepat.</strong></span> <span class='ocrx_word' id='word_1_24' title='bbox 1094 682 1138 746; x_wconf 81' lang='lat' dir='ltr'><strong>Ac</strong></span> <span class='ocrx_word' id='word_1_25' title='bbox 1153 683 1276 766; x_wconf 76' lang='lat' dir='ltr'><strong>glossae</strong></span> 
     </span>
     <span class='ocr_line' id='line_1_5' title="bbox 140 776 1275 863; baseline 0.003 -24"><span class='ocrx_word' id='word_1_26' title='bbox 140 778 282 859; x_wconf 79' lang='lat' dir='ltr'>quaedam</span> <span class='ocrx_word' id='word_1_27' title='bbox 306 777 417 839; x_wconf 86' lang='lat' dir='ltr'><strong>latinae</strong></span> <span class='ocrx_word' id='word_1_28' title='bbox 441 779 503 841; x_wconf 92' lang='lat' dir='ltr'><strong>fere</strong></span> <span class='ocrx_word' id='word_1_29' title='bbox 525 778 646 841; x_wconf 86' lang='lat' dir='ltr'><strong>eaedem</strong></span> <span class='ocrx_word' id='word_1_30' title='bbox 668 788 739 840; x_wconf 87' lang='lat' dir='ltr'><strong>sunt</strong></span> <span class='ocrx_word' id='word_1_31' title='bbox 753 797 789 840; x_wconf 89' lang='lat' dir='ltr'><strong>ao</strong></span> <span class='ocrx_word' id='word_1_32' title='bbox 809 776 919 840; x_wconf 90' lang='lat' dir='ltr'><strong>lsouis.</strong></span> <span class='ocrx_word' id='word_1_33' title='bbox 952 778 1150 863; x_wconf 86' lang='lat' dir='ltr'><strong>luterpretam</strong></span> <span class='ocrx_word' id='word_1_34' title='bbox 1167 798 1275 842; x_wconf 87' lang='lat' dir='ltr'><strong>manus</strong></span> 
     </span>
     <span class='ocr_line' id='line_1_6' title="bbox 140 873 1274 959; baseline 0.004 -23"><span class='ocrx_word' id='word_1_35' title='bbox 140 884 255 937; x_wconf 79' lang='lat' dir='ltr'><strong>textum</strong></span> <span class='ocrx_word' id='word_1_36' title='bbox 281 873 328 936; x_wconf 85' lang='lat' dir='ltr'><strong>lic</strong></span> <span class='ocrx_word' id='word_1_37' title='bbox 350 885 588 950; x_wconf 86' lang='lat' dir='ltr'><strong>commutarunt,</strong></span> <span class='ocrx_word' id='word_1_38' title='bbox 614 875 675 936; x_wconf 91' lang='lat' dir='ltr'><strong>illic</strong></span> <span class='ocrx_word' id='word_1_39' title='bbox 698 874 905 937; x_wconf 76' lang='lat' dir='ltr'>emendarunt.</span> <span class='ocrx_word' id='word_1_40' title='bbox 932 875 1074 959; x_wconf 74' lang='lat' dir='ltr'><strong>Scriptus¹</strong></span> <span class='ocrx_word' id='word_1_41' title='bbox 1088 884 1136 939; x_wconf 86' lang='lat' dir='ltr'><strong>est</strong></span> <span class='ocrx_word' id='word_1_42' title='bbox 1150 876 1182 938; x_wconf 93' lang='lat' dir='ltr'><strong>in</strong></span> <span class='ocrx_word' id='word_1_43' title='bbox 1197 877 1274 940; x_wconf 85' lang='lat' dir='ltr'><strong>Ger·</strong></span> 
     </span>
     <span class='ocr_line' id='line_1_7' title="bbox 139 969 1276 1054; baseline 0.003 -23"><span class='ocrx_word' id='word_1_44' title='bbox 139 970 239 1032; x_wconf 90' lang='lat' dir='ltr'><strong>mania</strong></span> <span class='ocrx_word' id='word_1_45' title='bbox 263 969 432 1053; x_wconf 67' lang='lat' dir='ltr'><strong>superioriq</strong></span> <span class='ocrx_word' id='word_1_46' title='bbox 458 990 515 1052; x_wconf 91' lang='lat' dir='ltr'><strong>quo</strong></span> <span class='ocrx_word' id='word_1_47' title='bbox 530 969 627 1033; x_wconf 93' lang='lat' dir='ltr'><strong>tendit</strong></span> <span class='ocrx_word' id='word_1_48' title='bbox 649 969 705 1031; x_wconf 92' lang='lat' dir='ltr'><strong>litt.</strong></span> <span class='ocrx_word' id='word_1_49' title='bbox 725 969 954 1033; x_wconf 88' lang='lat' dir='ltr'><strong>consonantiam</strong></span> <span class='ocrx_word' id='word_1_50' title='bbox 970 970 988 1032; x_wconf 90' lang='lat' dir='ltr'><strong>b</strong></span> <span class='ocrx_word' id='word_1_51' title='bbox 1004 980 1035 1033; x_wconf 90' lang='lat' dir='ltr'><strong>et</strong></span> <span class='ocrx_word' id='word_1_52' title='bbox 1050 992 1068 1030; x_wconf 86' lang='lat' dir='ltr'><strong>a</strong></span> <span class='ocrx_word' id='word_1_53' title='bbox 1085 969 1276 1054; x_wconf 84' lang='lat' dir='ltr'><strong>aliarumque</strong></span> 
     </span>
     <span class='ocr_line' id='line_1_8' title="bbox 140 1063 1275 1149; baseline 0 -22"><span class='ocrx_word' id='word_1_54' title='bbox 140 1067 281 1148; x_wconf 76' lang='lat' dir='ltr'><strong>frequens</strong></span> <span class='ocrx_word' id='word_1_55' title='bbox 306 1065 484 1149; x_wconf 70' lang='lat' dir='ltr'><strong>permutatio</strong></span> <span class='ocrx_word' id='word_1_56' title='bbox 510 1064 591 1128; x_wconf 90' lang='lat' dir='ltr'><strong>illins</strong></span> <span class='ocrx_word' id='word_1_57' title='bbox 620 1063 753 1148; x_wconf 78' lang='lat' dir='ltr'><strong>regionis</strong></span> <span class='ocrx_word' id='word_1_58' title='bbox 780 1064 949 1129; x_wconf 88' lang='lat' dir='ltr'><strong>bominibus</strong></span> <span class='ocrx_word' id='word_1_59' title='bbox 970 1064 1202 1149; x_wconf 79' lang='lat' dir='ltr'><strong>perfamiliaris,</strong></span> <span class='ocrx_word' id='word_1_60' title='bbox 1234 1083 1275 1128; x_wconf 88' lang='lat' dir='ltr'><strong>ae</strong></span> 
     </span>
     <span class='ocr_line' id='line_1_9' title="bbox 140 1158 1272 1244; baseline 0.001 -22"><span class='ocrx_word' id='word_1_61' title='bbox 140 1158 236 1222; x_wconf 91' lang='lat' dir='ltr'><strong>dicam</strong></span> <span class='ocrx_word' id='word_1_62' title='bbox 253 1160 366 1223; x_wconf 90' lang='lat' dir='ltr'><strong>innata.</strong></span> <span class='ocrx_word' id='word_1_63' title='bbox 393 1159 603 1222; x_wconf 77' lang='lat' dir='ltr'><strong>&#39;tenuissimae</strong></span> <span class='ocrx_word' id='word_1_64' title='bbox 620 1158 808 1221; x_wconf 88' lang='lat' dir='ltr'><strong>membranae</strong></span> <span class='ocrx_word' id='word_1_65' title='bbox 825 1159 948 1221; x_wconf 90' lang='lat' dir='ltr'><strong>eandem</strong></span> <span class='ocrx_word' id='word_1_66' title='bbox 965 1161 1110 1244; x_wconf 79' lang='lat' dir='ltr'><strong>originem</strong></span> <span class='ocrx_word' id='word_1_67' title='bbox 1126 1159 1272 1223; x_wconf 89' lang='lat' dir='ltr'><strong>indicant.</strong></span> 
     </span>
    </p>
   </div>
   <div class='ocr_carea' id='block_1_3' title="bbox 140 1286 1276 2485">
    <p class='ocr_par' dir='ltr' id='par_1_3' title="bbox 140 1286 1276 2485">
     <span class='ocr_line' id='line_1_10' title="bbox 226 1286 1275 1352; baseline -0.003 -1"><span class='ocrx_word' id='word_1_68' title='bbox 226 1287 300 1351; x_wconf 80' lang='lat' dir='ltr'><strong>eoa.</strong></span> <span class='ocrx_word' id='word_1_69' title='bbox 320 1290 421 1352; x_wconf 80' lang='lat' dir='ltr'><strong>Alam.</strong></span> <span class='ocrx_word' id='word_1_70' title='bbox 439 1292 512 1349; x_wconf 77' lang='lat'><strong>348.</strong></span> <span class='ocrx_word' id='word_1_71' title='bbox 536 1286 662 1350; x_wconf 86' lang='lat' dir='ltr'><strong>membr.</strong></span> <span class='ocrx_word' id='word_1_72' title='bbox 684 1294 829 1350; x_wconf 74' lang='lat' dir='ltr'><strong>exaratus</strong></span> <span class='ocrx_word' id='word_1_73' title='bbox 851 1305 921 1350; x_wconf 89' lang='lat' dir='ltr'><strong>esse</strong></span> <span class='ocrx_word' id='word_1_74' title='bbox 944 1286 1065 1352; x_wconf 87' lang='lat' dir='ltr'><strong>videtur</strong></span> <span class='ocrx_word' id='word_1_75' title='bbox 1082 1307 1147 1350; x_wconf 86' lang='lat' dir='ltr'><strong>sec.</strong></span> <span class='ocrx_word' id='word_1_76' title='bbox 1162 1287 1195 1350; x_wconf 90' lang='lat' dir='ltr'><em>X</em></span> <span class='ocrx_word' id='word_1_77' title='bbox 1218 1305 1275 1348; x_wconf 80' lang='lat' dir='ltr'><strong>ex·</strong></span> 
     </span>
     <span class='ocr_line' id='line_1_11' title="bbox 140 1378 1273 1463; baseline -0.002 -19"><span class='ocrx_word' id='word_1_78' title='bbox 140 1391 242 1458; x_wconf 85' lang='lat' dir='ltr'><strong>eante,</strong></span> <span class='ocrx_word' id='word_1_79' title='bbox 261 1379 328 1462; x_wconf 88' lang='lat' dir='ltr'><strong>quia</strong></span> <span class='ocrx_word' id='word_1_80' title='bbox 345 1378 404 1441; x_wconf 91' lang='lat' dir='ltr'><strong>ista</strong></span> <span class='ocrx_word' id='word_1_81' title='bbox 420 1379 587 1442; x_wconf 88' lang='lat' dir='ltr'><strong>litterarum</strong></span> <span class='ocrx_word' id='word_1_82' title='bbox 604 1378 775 1461; x_wconf 87' lang='lat' dir='ltr'><strong>magnitudo</strong></span> <span class='ocrx_word' id='word_1_83' title='bbox 791 1378 966 1443; x_wconf 89' lang='lat' dir='ltr'><strong>inusitatior</strong></span> <span class='ocrx_word' id='word_1_84' title='bbox 976 1401 1052 1463; x_wconf 88' lang='lat' dir='ltr'><strong>qnae</strong></span> <span class='ocrx_word' id='word_1_85' title='bbox 1061 1381 1110 1444; x_wconf 92' lang='lat' dir='ltr'><strong>bic</strong></span> <span class='ocrx_word' id='word_1_86' title='bbox 1124 1381 1273 1457; x_wconf 88' lang='lat' dir='ltr'><strong>cernitur,</strong></span> 
     </span>
     <span class='ocr_line' id='line_1_12' title="bbox 141 1470 1273 1552; baseline -0.002 -17"><span class='ocrx_word' id='word_1_87' title='bbox 141 1494 201 1536; x_wconf 79' lang='lat' dir='ltr'><strong>sion</strong></span> <span class='ocrx_word' id='word_1_88' title='bbox 225 1483 271 1537; x_wconf 88' lang='lat' dir='ltr'><strong>est</strong></span> <span class='ocrx_word' id='word_1_89' title='bbox 293 1483 405 1535; x_wconf 88' lang='lat' dir='ltr'><strong>certum</strong></span> <span class='ocrx_word' id='word_1_90' title='bbox 428 1470 613 1552; x_wconf 84' lang='lat' dir='ltr'><strong>antiquitatis</strong></span> <span class='ocrx_word' id='word_1_91' title='bbox 636 1481 693 1533; x_wconf 88' lang='lat' dir='ltr'><strong>tam</strong></span> <span class='ocrx_word' id='word_1_92' title='bbox 717 1481 853 1533; x_wconf 90' lang='lat' dir='ltr'><strong>remotae</strong></span> <span class='ocrx_word' id='word_1_93' title='bbox 871 1471 1084 1537; x_wconf 90' lang='lat' dir='ltr'><strong>testimoninm.</strong></span> <span class='ocrx_word' id='word_1_94' title='bbox 1116 1470 1273 1535; x_wconf 80' lang='lat' dir='ltr'><strong>Probabile</strong></span> 
     </span>
     <span class='ocr_line' id='line_1_13' title="bbox 140 1565 1273 1652; baseline -0.003 -20"><span class='ocrx_word' id='word_1_95' title='bbox 140 1571 190 1648; x_wconf 90' lang='lat' dir='ltr'><strong>lit,</strong></span> <span class='ocrx_word' id='word_1_96' title='bbox 223 1569 354 1631; x_wconf 82' lang='lat' dir='ltr'><strong>codicem</strong></span> <span class='ocrx_word' id='word_1_97' title='bbox 379 1589 431 1652; x_wconf 92' lang='lat' dir='ltr'><strong>pro</strong></span> <span class='ocrx_word' id='word_1_98' title='bbox 455 1567 573 1629; x_wconf 89' lang='lat' dir='ltr'><strong>bomine</strong></span> <span class='ocrx_word' id='word_1_99' title='bbox 595 1565 722 1649; x_wconf 89' lang='lat' dir='ltr'><strong>quodam</strong></span> <span class='ocrx_word' id='word_1_100' title='bbox 747 1565 878 1650; x_wconf 81' lang='lat' dir='ltr'><strong>eleganti</strong></span> <span class='ocrx_word' id='word_1_101' title='bbox 901 1578 931 1630; x_wconf 85' lang='lat' dir='ltr'><strong>et</strong></span> <span class='ocrx_word' id='word_1_102' title='bbox 954 1566 1095 1650; x_wconf 89' lang='lat' dir='ltr'><strong>opulento</strong></span> <span class='ocrx_word' id='word_1_103' title='bbox 1112 1566 1206 1630; x_wconf 86' lang='lat' dir='ltr'><strong>luisse</strong></span> <span class='ocrx_word' id='word_1_104' title='bbox 1221 1565 1273 1629; x_wconf 83' lang='lat' dir='ltr'><strong>de·</strong></span> 
     </span>
     <span class='ocr_line' id='line_1_14' title="bbox 140 1659 1274 1749; baseline -0.004 -21"><span class='ocrx_word' id='word_1_105' title='bbox 140 1664 303 1749; x_wconf 87' lang='lat' dir='ltr'><strong>scriptum,</strong></span> <span class='ocrx_word' id='word_1_106' title='bbox 337 1664 385 1747; x_wconf 91' lang='lat' dir='ltr'><strong>qui</strong></span> <span class='ocrx_word' id='word_1_107' title='bbox 410 1663 436 1725; x_wconf 92' lang='lat' dir='ltr'><strong>id</strong></span> <span class='ocrx_word' id='word_1_108' title='bbox 461 1663 628 1724; x_wconf 87' lang='lat' dir='ltr'><strong>litterarum</strong></span> <span class='ocrx_word' id='word_1_109' title='bbox 651 1681 747 1744; x_wconf 87' lang='lat' dir='ltr'><strong>genus</strong></span> <span class='ocrx_word' id='word_1_110' title='bbox 771 1660 999 1725; x_wconf 88' lang='lat' dir='ltr'><strong>maiuscularum</strong></span> <span class='ocrx_word' id='word_1_111' title='bbox 1024 1659 1191 1724; x_wconf 87' lang='lat' dir='ltr'><strong>adamabat.</strong></span> <span class='ocrx_word' id='word_1_112' title='bbox 1224 1659 1274 1724; x_wconf 92' lang='lat' dir='ltr'><strong>ln·</strong></span> 
     </span>
     <span class='ocr_line' id='line_1_15' title="bbox 140 1756 1275 1844; baseline -0.004 -20"><span class='ocrx_word' id='word_1_113' title='bbox 140 1759 350 1844; x_wconf 85' lang='lat' dir='ltr'><strong>tempestivius</strong></span> <span class='ocrx_word' id='word_1_114' title='bbox 374 1771 473 1823; x_wconf 90' lang='lat' dir='ltr'><strong>autem</strong></span> <span class='ocrx_word' id='word_1_115' title='bbox 496 1759 621 1836; x_wconf 87' lang='lat' dir='ltr'><strong>accidit,</strong></span> <span class='ocrx_word' id='word_1_116' title='bbox 645 1770 677 1821; x_wconf 90' lang='lat' dir='ltr'><strong>nt</strong></span> <span class='ocrx_word' id='word_1_117' title='bbox 692 1758 782 1819; x_wconf 90' lang='lat' dir='ltr'><strong>fuerit</strong></span> <span class='ocrx_word' id='word_1_118' title='bbox 797 1757 970 1836; x_wconf 89' lang='lat' dir='ltr'><strong>mutilatus,</strong></span> <span class='ocrx_word' id='word_1_119' title='bbox 1000 1779 1068 1821; x_wconf 90' lang='lat' dir='ltr'><strong>nam</strong></span> <span class='ocrx_word' id='word_1_120' title='bbox 1083 1756 1275 1821; x_wconf 88' lang='lat' dir='ltr'><strong>correctissi-</strong></span> 
     </span>
     <span class='ocr_line' id='line_1_16' title="bbox 140 1850 1271 1937; baseline -0.004 -19"><span class='ocrx_word' id='word_1_121' title='bbox 140 1875 206 1918; x_wconf 88' lang='lat' dir='ltr'><strong>mus</strong></span> <span class='ocrx_word' id='word_1_122' title='bbox 222 1864 281 1918; x_wconf 90' lang='lat' dir='ltr'><strong>est.</strong></span> <span class='ocrx_word' id='word_1_123' title='bbox 307 1854 447 1916; x_wconf 88' lang='lat' dir='ltr'><strong>Continet</strong></span> <span class='ocrx_word' id='word_1_124' title='bbox 463 1853 627 1937; x_wconf 86' lang='lat' dir='ltr'><strong>praemissa</strong></span> <span class='ocrx_word' id='word_1_125' title='bbox 643 1851 774 1914; x_wconf 90' lang='lat' dir='ltr'><strong>omnium</strong></span> <span class='ocrx_word' id='word_1_126' title='bbox 793 1862 897 1933; x_wconf 88' lang='lat' dir='ltr'><strong>poetae</strong></span> <span class='ocrx_word' id='word_1_127' title='bbox 914 1874 981 1934; x_wconf 93' lang='lat' dir='ltr'><strong>opp.</strong></span> <span class='ocrx_word' id='word_1_128' title='bbox 1001 1852 1186 1935; x_wconf 87' lang='lat' dir='ltr'><strong>praelatione</strong></span> <span class='ocrx_word' id='word_1_129' title='bbox 1201 1850 1271 1914; x_wconf 84' lang='lat' dir='ltr'><strong>libr.</strong></span> 
     </span>
     <span class='ocr_line' id='line_1_17' title="bbox 140 1946 1272 2033; baseline -0.005 -19"><span class='ocrx_word' id='word_1_130' title='bbox 140 1950 251 2026; x_wconf 88' lang='lat' dir='ltr'><strong>Catb.‚</strong></span> <span class='ocrx_word' id='word_1_131' title='bbox 285 1952 482 2032; x_wconf 79' lang='lat' dir='ltr'><strong>fragmentum</strong></span> <span class='ocrx_word' id='word_1_132' title='bbox 506 1948 654 2033; x_wconf 90' lang='lat' dir='ltr'><strong>passionis</strong></span> <span class='ocrx_word' id='word_1_133' title='bbox 676 1948 820 2024; x_wconf 83' lang='lat' dir='ltr'><strong>Romani,</strong></span> <span class='ocrx_word' id='word_1_134' title='bbox 853 1948 1028 2031; x_wconf 85' lang='lat' dir='ltr'><strong>Epilognm‚</strong></span> <span class='ocrx_word' id='word_1_135' title='bbox 1062 1946 1272 2023; x_wconf 84' lang='lat' dir='ltr'><strong>Dittoabsenn‚</strong></span> 
     </span>
     <span class='ocr_line' id='line_1_18' title="bbox 141 2040 1275 2126; baseline -0.004 -20"><span class='ocrx_word' id='word_1_136' title='bbox 141 2044 338 2126; x_wconf 86' lang='lat' dir='ltr'><strong>fragmentum</strong></span> <span class='ocrx_word' id='word_1_137' title='bbox 355 2043 562 2126; x_wconf 82' lang='lat' dir='ltr'><strong>Apotheoseos</strong></span> <span class='ocrx_word' id='word_1_138' title='bbox 577 2043 608 2105; x_wconf 90' lang='lat' dir='ltr'><strong>iu</strong></span> <span class='ocrx_word' id='word_1_139' title='bbox 625 2042 687 2104; x_wconf 93' lang='lat' dir='ltr'><strong>foll.</strong></span> <span class='ocrx_word' id='word_1_140' title='bbox 708 2048 746 2104; x_wconf 88' lang='lat'><strong>38</strong></span> <span class='ocrx_word' id='word_1_141' title='bbox 764 2040 927 2104; x_wconf 83' lang='lat' dir='ltr'><strong>octormriis</strong></span> <span class='ocrx_word' id='word_1_142' title='bbox 951 2063 986 2104; x_wconf 90' lang='lat' dir='ltr'><strong>ac</strong></span> <span class='ocrx_word' id='word_1_143' title='bbox 1002 2042 1094 2104; x_wconf 90' lang='lat' dir='ltr'><strong>minio</strong></span> <span class='ocrx_word' id='word_1_144' title='bbox 1111 2040 1275 2104; x_wconf 86' lang='lat' dir='ltr'><strong>rubricatis</strong></span> 
     </span>
     <span class='ocr_line' id='line_1_19' title="bbox 141 2134 1274 2223; baseline -0.004 -21"><span class='ocrx_word' id='word_1_145' title='bbox 141 2134 348 2223; x_wconf 59' lang='lat' dir='ltr'><strong>expressam).</strong></span> <span class='ocrx_word' id='word_1_146' title='bbox 380 2138 483 2202; x_wconf 82' lang='lat' dir='ltr'><strong>Cuivis</strong></span> <span class='ocrx_word' id='word_1_147' title='bbox 499 2138 625 2201; x_wconf 89' lang='lat' dir='ltr'><strong>carmini</strong></span> <span class='ocrx_word' id='word_1_148' title='bbox 642 2137 730 2200; x_wconf 93' lang='lat' dir='ltr'><strong>metri</strong></span> <span class='ocrx_word' id='word_1_149' title='bbox 754 2137 916 2221; x_wconf 83' lang='lat' dir='ltr'><strong>explicatio</strong></span> <span class='ocrx_word' id='word_1_150' title='bbox 930 2137 1114 2220; x_wconf 82' lang='lat' dir='ltr'><strong>praeligitur.</strong></span> <span class='ocrx_word' id='word_1_151' title='bbox 1153 2134 1274 2199; x_wconf 83' lang='lat' dir='ltr'><strong>Sebolia</strong></span> 
     </span>
     <span class='ocr_line' id='line_1_20' title="bbox 141 2230 1275 2317; baseline -0.004 -22"><span class='ocrx_word' id='word_1_152' title='bbox 141 2231 264 2297; x_wconf 85' lang='lat' dir='ltr'><strong>vocibus</strong></span> <span class='ocrx_word' id='word_1_153' title='bbox 294 2234 421 2316; x_wconf 88' lang='lat' dir='ltr'><strong>sparsim</strong></span> <span class='ocrx_word' id='word_1_154' title='bbox 450 2233 650 2317; x_wconf 89' lang='lat' dir='ltr'><strong>suprascripta</strong></span> <span class='ocrx_word' id='word_1_155' title='bbox 672 2231 754 2293; x_wconf 86' lang='lat' dir='ltr'><strong>flocci</strong></span> <span class='ocrx_word' id='word_1_156' title='bbox 784 2231 890 2294; x_wconf 89' lang='lat' dir='ltr'><strong>babeo.</strong></span> <span class='ocrx_word' id='word_1_157' title='bbox 936 2230 1043 2295; x_wconf 88' lang='lat' dir='ltr'><strong>Manus</strong></span> <span class='ocrx_word' id='word_1_158' title='bbox 1066 2231 1275 2312; x_wconf 84' lang='lat' dir='ltr'><strong>alternatque</strong></span> 
     </span>
     <span class='ocr_line' id='line_1_21' title="bbox 141 2323 1276 2411; baseline -0.004 -19"><span class='ocrx_word' id='word_1_159' title='bbox 141 2325 298 2411; x_wconf 88' lang='lat' dir='ltr'><strong>scriptoris</strong></span> <span class='ocrx_word' id='word_1_160' title='bbox 320 2327 373 2389; x_wconf 89' lang='lat' dir='ltr'><strong>sed</strong></span> <span class='ocrx_word' id='word_1_161' title='bbox 395 2327 517 2409; x_wconf 90' lang='lat' dir='ltr'><strong>antiqua</strong></span> <span class='ocrx_word' id='word_1_162' title='bbox 535 2326 581 2392; x_wconf 91' lang='lat' dir='ltr'><strong>bia</strong></span> <span class='ocrx_word' id='word_1_163' title='bbox 603 2327 747 2400; x_wconf 83' lang='lat' dir='ltr'><strong>mutarit,</strong></span> <span class='ocrx_word' id='word_1_164' title='bbox 773 2327 941 2389; x_wconf 70' lang='lat' dir='ltr'><strong>enceniavit</strong></span> <span class='ocrx_word' id='word_1_165' title='bbox 957 2325 1028 2390; x_wconf 90' lang='lat' dir='ltr'><strong>illic.</strong></span> <span class='ocrx_word' id='word_1_166' title='bbox 1054 2323 1276 2408; x_wconf 84' lang='lat' dir='ltr'><strong>Ortbograpbia</strong></span> 
     </span>
     <span class='ocr_line' id='line_1_22' title="bbox 141 2418 492 2485; baseline 0 -1"><span class='ocrx_word' id='word_1_167' title='bbox 141 2431 188 2485; x_wconf 87' lang='lat' dir='ltr'><strong>est</strong></span> <span class='ocrx_word' id='word_1_168' title='bbox 203 2418 315 2483; x_wconf 87' lang='lat' dir='ltr'><strong>codicis</strong></span> <span class='ocrx_word' id='word_1_169' title='bbox 329 2419 421 2482; x_wconf 83' lang='lat' dir='ltr'><strong>Alex.</strong></span> <span class='ocrx_word' id='word_1_170' title='bbox 441 2428 492 2484; x_wconf 78' lang='lat' dir='ltr'><strong>tl.</strong></span> 
     </span>
    </p>
   </div>
   <div class='ocr_carea' id='block_1_4' title="bbox 141 2562 1276 3593">
    <p class='ocr_par' dir='ltr' id='par_1_4' title="bbox 141 2562 1276 3593">
     <span class='ocr_line' id='line_1_23' title="bbox 226 2562 1272 2646; baseline -0.003 -18"><span class='ocrx_word' id='word_1_171' title='bbox 226 2565 300 2628; x_wconf 82' lang='lat' dir='ltr'><strong>cot.</strong></span> <span class='ocrx_word' id='word_1_172' title='bbox 319 2565 388 2628; x_wconf 86' lang='lat' dir='ltr'><strong>Pal.</strong></span> <span class='ocrx_word' id='word_1_173' title='bbox 404 2571 464 2627; x_wconf 86' lang='grc'><strong>242</strong></span> <span class='ocrx_word' id='word_1_174' title='bbox 481 2565 609 2628; x_wconf 88' lang='lat' dir='ltr'><strong>miscell.</strong></span> <span class='ocrx_word' id='word_1_175' title='bbox 626 2585 689 2627; x_wconf 88' lang='lat' dir='ltr'><strong>sec.</strong></span> <span class='ocrx_word' id='word_1_176' title='bbox 702 2562 761 2626; x_wconf 89' lang='lat' dir='ltr'><strong>Xll</strong></span> <span class='ocrx_word' id='word_1_177' title='bbox 776 2563 908 2626; x_wconf 90' lang='lat' dir='ltr'><strong>ineuntis</strong></span> <span class='ocrx_word' id='word_1_178' title='bbox 924 2562 1048 2625; x_wconf 85' lang='lat' dir='ltr'><strong>exbibet</strong></span> <span class='ocrx_word' id='word_1_179' title='bbox 1061 2572 1130 2646; x_wconf 89' lang='lat' dir='ltr'><strong>post</strong></span> <span class='ocrx_word' id='word_1_180' title='bbox 1144 2562 1272 2626; x_wconf 89' lang='lat' dir='ltr'><strong>aliorum</strong></span> 
     </span>
     <span class='ocr_line' id='line_1_24' title="bbox 141 2655 1272 2743; baseline -0.002 -22"><span class='ocrx_word' id='word_1_181' title='bbox 141 2660 282 2743; x_wconf 89' lang='lat' dir='ltr'><strong>opuscula</strong></span> <span class='ocrx_word' id='word_1_182' title='bbox 306 2657 337 2720; x_wconf 88' lang='lat' dir='ltr'><strong>in</strong></span> <span class='ocrx_word' id='word_1_183' title='bbox 362 2660 423 2721; x_wconf 91' lang='lat' dir='ltr'><strong>foll.</strong></span> <span class='ocrx_word' id='word_1_184' title='bbox 442 2658 633 2722; x_wconf 88' lang='lat' dir='ltr'><strong>duodenariis</strong></span> <span class='ocrx_word' id='word_1_185' title='bbox 653 2663 818 2719; x_wconf 86' lang='grc'>113...128</span> <span class='ocrx_word' id='word_1_186' title='bbox 843 2655 1107 2741; x_wconf 87' lang='lat' dir='ltr'><strong>Psycbomacbiam</strong></span> <span class='ocrx_word' id='word_1_187' title='bbox 1124 2655 1272 2732; x_wconf 88' lang='lat' dir='ltr'><strong>mutilam,</strong></span> 
     </span>
     <span class='ocr_line' id='line_1_25' title="bbox 142 2750 1274 2837; baseline -0.004 -19"><span class='ocrx_word' id='word_1_188' title='bbox 142 2755 226 2818; x_wconf 88' lang='lat' dir='ltr'><strong>cuius</strong></span> <span class='ocrx_word' id='word_1_189' title='bbox 247 2756 353 2837; x_wconf 89' lang='lat' dir='ltr'><strong>quippe</strong></span> <span class='ocrx_word' id='word_1_190' title='bbox 376 2754 498 2816; x_wconf 90' lang='lat' dir='ltr'><strong>ultimus</strong></span> <span class='ocrx_word' id='word_1_191' title='bbox 518 2754 557 2817; x_wconf 91' lang='lat' dir='ltr'><strong>sit</strong></span> <span class='ocrx_word' id='word_1_192' title='bbox 580 2777 610 2814; x_wconf 88' lang='lat' dir='ltr'><strong>v.</strong></span> <span class='ocrx_word' id='word_1_193' title='bbox 631 2758 687 2815; x_wconf 88' lang='grc'><strong>681</strong></span> <span class='ocrx_word' id='word_1_194' title='bbox 707 2753 823 2815; x_wconf 77' lang='lat' dir='ltr'><strong>tutata</strong></span> <span class='ocrx_word' id='word_1_195' title='bbox 836 2751 894 2814; x_wconf 87' lang='lat' dir='ltr'><strong>bac</strong></span> <span class='ocrx_word' id='word_1_196' title='bbox 910 2754 1021 2814; x_wconf 75' lang='lat' dir='ltr'><strong>aerinas</strong></span> <span class='ocrx_word' id='word_1_197' title='bbox 1037 2763 1094 2814; x_wconf 91' lang='lat' dir='ltr'><strong>etc.</strong></span> <span class='ocrx_word' id='word_1_198' title='bbox 1135 2751 1184 2814; x_wconf 85' lang='lat' dir='ltr'><strong>Ex</strong></span> <span class='ocrx_word' id='word_1_199' title='bbox 1199 2750 1274 2815; x_wconf 88' lang='lat' dir='ltr'><strong>Ger-</strong></span> 
     </span>
     <span class='ocr_line' id='line_1_26' title="bbox 142 2846 1275 2929; baseline -0.002 -17"><span class='ocrx_word' id='word_1_200' title='bbox 142 2849 239 2912; x_wconf 90' lang='lat' dir='ltr'><strong>mania</strong></span> <span class='ocrx_word' id='word_1_201' title='bbox 263 2850 373 2911; x_wconf 90' lang='lat' dir='ltr'><strong>allatus</strong></span> <span class='ocrx_word' id='word_1_202' title='bbox 395 2849 515 2908; x_wconf 84' lang='lat' dir='ltr'><strong>Romam</strong></span> <span class='ocrx_word' id='word_1_203' title='bbox 539 2858 602 2921; x_wconf 88' lang='lat' dir='ltr'><strong>est,</strong></span> <span class='ocrx_word' id='word_1_204' title='bbox 635 2868 692 2928; x_wconf 91' lang='lat' dir='ltr'><strong>qua</strong></span> <span class='ocrx_word' id='word_1_205' title='bbox 716 2847 819 2909; x_wconf 91' lang='lat' dir='ltr'><strong>notula</strong></span> <span class='ocrx_word' id='word_1_206' title='bbox 842 2847 936 2929; x_wconf 89' lang='lat' dir='ltr'><strong>primo</strong></span> <span class='ocrx_word' id='word_1_207' title='bbox 958 2849 1028 2910; x_wconf 93' lang='lat' dir='ltr'><strong>folio</strong></span> <span class='ocrx_word' id='word_1_208' title='bbox 1053 2867 1140 2910; x_wconf 91' lang='lat' dir='ltr'><strong>mana</strong></span> <span class='ocrx_word' id='word_1_209' title='bbox 1164 2846 1275 2910; x_wconf 83' lang='lat' dir='ltr'><strong>aetatis</strong></span> 
     </span>
     <span class='ocr_line' id='line_1_27' title="bbox 142 2939 1275 3025; baseline 0.001 -23"><span class='ocrx_word' id='word_1_210' title='bbox 142 2940 231 3024; x_wconf 89' lang='lat' dir='ltr'><strong>paulo</strong></span> <span class='ocrx_word' id='word_1_211' title='bbox 246 2939 393 3022; x_wconf 87' lang='lat' dir='ltr'><strong>sequioris</strong></span> <span class='ocrx_word' id='word_1_212' title='bbox 415 2941 551 3024; x_wconf 89' lang='lat' dir='ltr'><strong>apposita</strong></span> <span class='ocrx_word' id='word_1_213' title='bbox 566 2949 697 3025; x_wconf 87' lang='lat' dir='ltr'><strong>spectat:</strong></span> <span class='ocrx_word' id='word_1_214' title='bbox 725 2939 837 3003; x_wconf 78' lang='lat' dir='ltr'><strong>Cariam</strong></span> <span class='ocrx_word' id='word_1_215' title='bbox 851 2944 911 3001; x_wconf 83' lang='lat' dir='ltr'><strong>iste</strong></span> <span class='ocrx_word' id='word_1_216' title='bbox 928 2945 1071 3025; x_wconf 83' lang='lat' dir='ltr'><strong>pertinet</strong></span> <span class='ocrx_word' id='word_1_217' title='bbox 1083 2944 1275 3003; x_wconf 82' lang='lat' dir='ltr'><strong>manasterio</strong></span> 
     </span>
     <span class='ocr_line' id='line_1_28' title="bbox 142 3031 1275 3119; baseline 0.003 -24"><span class='ocrx_word' id='word_1_218' title='bbox 142 3033 231 3096; x_wconf 84' lang='lat' dir='ltr'><strong>beate</strong></span> <span class='ocrx_word' id='word_1_219' title='bbox 246 3031 355 3095; x_wconf 82' lang='lat' dir='ltr'><strong>Maria</strong></span> <span class='ocrx_word' id='word_1_220' title='bbox 370 3034 568 3118; x_wconf 81' lang='lat' dir='ltr'><strong>Mugdaleae</strong></span> <span class='ocrx_word' id='word_1_221' title='bbox 582 3037 613 3096; x_wconf 84' lang='lat' dir='ltr'><strong>in</strong></span> <span class='ocrx_word' id='word_1_222' title='bbox 621 3033 849 3116; x_wconf 57' lang='lat' dir='ltr'><strong>‚sraaebeatalf</strong></span> <span class='ocrx_word' id='word_1_223' title='bbox 863 3036 946 3096; x_wconf 85' lang='lat' dir='ltr'><strong>r&#39;ater</strong></span> <span class='ocrx_word' id='word_1_224' title='bbox 956 3033 1081 3119; x_wconf 83' lang='lat' dir='ltr'><strong>Spirum</strong></span> <span class='ocrx_word' id='word_1_225' title='bbox 1098 3046 1130 3098; x_wconf 86' lang='lat' dir='ltr'><strong>et</strong></span> <span class='ocrx_word' id='word_1_226' title='bbox 1143 3056 1275 3098; x_wconf 84' lang='lat' dir='ltr'><strong>warma-</strong></span> 
     </span>
     <span class='ocr_line' id='line_1_29' title="bbox 144 3132 1272 3216; baseline 0.005 -25"><span class='ocrx_word' id='word_1_227' title='bbox 144 3132 224 3193; x_wconf 84' lang='lat' dir='ltr'><strong>ciam</strong></span> <span class='ocrx_word' id='word_1_228' title='bbox 237 3133 354 3191; x_wconf 78' lang='lat' dir='ltr'><strong>situata</strong></span> <span class='ocrx_word' id='word_1_229' title='bbox 366 3134 585 3194; x_wconf 73' lang='lat' dir='ltr'><strong>‹arricnieamtm</strong></span> <span class='ocrx_word' id='word_1_230' title='bbox 598 3134 807 3216; x_wconf 75' lang='lat' dir='ltr'><strong>regnicuram.</strong></span> <span class='ocrx_word' id='word_1_231' title='bbox 823 3132 885 3194; x_wconf 83' lang='lat' dir='ltr'><strong>Hic</strong></span> <span class='ocrx_word' id='word_1_232' title='bbox 897 3133 977 3194; x_wconf 80' lang='lat' dir='ltr'><strong>liber</strong></span> <span class='ocrx_word' id='word_1_233' title='bbox 988 3132 1032 3195; x_wconf 83' lang='lat' dir='ltr'><strong>arf</strong></span> <span class='ocrx_word' id='word_1_234' title='bbox 1042 3136 1143 3196; x_wconf 83' lang='lat' dir='ltr'><strong>maias</strong></span> <span class='ocrx_word' id='word_1_235' title='bbox 1151 3133 1272 3198; x_wconf 79' lang='lat' dir='ltr'><strong>Fraude.</strong></span> 
     </span>
     <span class='ocr_line' id='line_1_30' title="bbox 143 3223 1275 3310; baseline 0.004 -24"><span class='ocrx_word' id='word_1_236' title='bbox 143 3223 269 3286; x_wconf 86' lang='lat' dir='ltr'><strong>Praeter</strong></span> <span class='ocrx_word' id='word_1_237' title='bbox 284 3224 357 3285; x_wconf 92' lang='lat' dir='ltr'><strong>duos</strong></span> <span class='ocrx_word' id='word_1_238' title='bbox 375 3223 476 3287; x_wconf 91' lang='lat' dir='ltr'><strong>titulos</strong></span> <span class='ocrx_word' id='word_1_239' title='bbox 493 3234 560 3308; x_wconf 91' lang='lat' dir='ltr'><strong>post</strong></span> <span class='ocrx_word' id='word_1_240' title='bbox 575 3248 604 3288; x_wconf 88' lang='lat' dir='ltr'><strong>v.</strong></span> <span class='ocrx_word' id='word_1_241' title='bbox 617 3232 656 3287; x_wconf 90' lang='grc'><strong>20</strong></span> <span class='ocrx_word' id='word_1_242' title='bbox 670 3235 699 3286; x_wconf 89' lang='lat' dir='ltr'><strong>et</strong></span> <span class='ocrx_word' id='word_1_243' title='bbox 713 3229 750 3286; x_wconf 89' lang='grc'><strong>39</strong></span> <span class='ocrx_word' id='word_1_244' title='bbox 769 3223 875 3287; x_wconf 90' lang='lat' dir='ltr'><strong>obvios</strong></span> <span class='ocrx_word' id='word_1_245' title='bbox 890 3226 1001 3288; x_wconf 87' lang='lat' dir='ltr'><strong>desunt</strong></span> <span class='ocrx_word' id='word_1_246' title='bbox 1015 3247 1135 3301; x_wconf 82' lang='lat' dir='ltr'><strong>omnes3</strong></span> <span class='ocrx_word' id='word_1_247' title='bbox 1154 3228 1275 3310; x_wconf 86' lang='lat' dir='ltr'><strong>glossae</strong></span> 
     </span>
     <span class='ocr_line' id='line_1_31' title="bbox 142 3319 1274 3403; baseline 0.001 -21"><span class='ocrx_word' id='word_1_248' title='bbox 142 3321 283 3402; x_wconf 82' lang='lat' dir='ltr'><strong>antiquae</strong></span> <span class='ocrx_word' id='word_1_249' title='bbox 306 3319 336 3380; x_wconf 91' lang='lat' dir='ltr'><strong>in</strong></span> <span class='ocrx_word' id='word_1_250' title='bbox 360 3321 462 3402; x_wconf 89' lang='lat' dir='ltr'><strong>primis</strong></span> <span class='ocrx_word' id='word_1_251' title='bbox 484 3320 599 3383; x_wconf 91' lang='lat' dir='ltr'><strong>duobus</strong></span> <span class='ocrx_word' id='word_1_252' title='bbox 621 3320 716 3383; x_wconf 91' lang='lat' dir='ltr'><strong>solum</strong></span> <span class='ocrx_word' id='word_1_253' title='bbox 741 3320 818 3382; x_wconf 91' lang='lat' dir='ltr'><strong>foliis</strong></span> <span class='ocrx_word' id='word_1_254' title='bbox 842 3329 1019 3382; x_wconf 90' lang='lat' dir='ltr'><strong>cernuntur.</strong></span> <span class='ocrx_word' id='word_1_255' title='bbox 1058 3321 1191 3403; x_wconf 78' lang='lat' dir='ltr'><strong>Optimae</strong></span> <span class='ocrx_word' id='word_1_256' title='bbox 1208 3343 1274 3384; x_wconf 88' lang='lat' dir='ltr'><strong>cum</strong></span> 
     </span>
     <span class='ocr_line' id='line_1_32' title="bbox 143 3413 1275 3497; baseline 0.003 -21"><span class='ocrx_word' id='word_1_257' title='bbox 143 3414 244 3497; x_wconf 85' lang='lat' dir='ltr'><strong>pravis</strong></span> <span class='ocrx_word' id='word_1_258' title='bbox 260 3413 382 3496; x_wconf 88' lang='lat' dir='ltr'><strong>praebet</strong></span> <span class='ocrx_word' id='word_1_259' title='bbox 399 3416 481 3477; x_wconf 87' lang='lat' dir='ltr'><strong>lectt.</strong></span> <span class='ocrx_word' id='word_1_260' title='bbox 500 3436 581 3477; x_wconf 89' lang='lat' dir='ltr'><strong>varr.</strong></span> <span class='ocrx_word' id='word_1_261' title='bbox 601 3413 714 3477; x_wconf 87' lang='lat' dir='ltr'><strong>Passim</strong></span> <span class='ocrx_word' id='word_1_262' title='bbox 731 3413 874 3477; x_wconf 88' lang='lat' dir='ltr'><strong>mutando</strong></span> <span class='ocrx_word' id='word_1_263' title='bbox 893 3414 1082 3496; x_wconf 88' lang='lat' dir='ltr'><strong>radendoque</strong></span> <span class='ocrx_word' id='word_1_264' title='bbox 1098 3417 1275 3480; x_wconf 85' lang='lat' dir='ltr'><strong>emendatus</strong></span> 
     </span>
     <span class='ocr_line' id='line_1_33' title="bbox 144 3508 1276 3593; baseline -0.001 -20"><span class='ocrx_word' id='word_1_265' title='bbox 144 3522 201 3573; x_wconf 86' lang='lat' dir='ltr'><strong>est.</strong></span> <span class='ocrx_word' id='word_1_266' title='bbox 228 3510 447 3593; x_wconf 82' lang='lat' dir='ltr'><strong>Ortlrograpbia</strong></span> <span class='ocrx_word' id='word_1_267' title='bbox 464 3531 523 3573; x_wconf 92' lang='lat' dir='ltr'><strong>non</strong></span> <span class='ocrx_word' id='word_1_268' title='bbox 540 3510 639 3573; x_wconf 87' lang='lat' dir='ltr'><strong>ubivis</strong></span> <span class='ocrx_word' id='word_1_269' title='bbox 655 3508 772 3591; x_wconf 87' lang='lat' dir='ltr'><strong>placet,</strong></span> <span class='ocrx_word' id='word_1_270' title='bbox 789 3509 925 3592; x_wconf 90' lang='lat' dir='ltr'><strong>quamvis</strong></span> <span class='ocrx_word' id='word_1_271' title='bbox 941 3508 1114 3590; x_wconf 87' lang='lat' dir='ltr'><strong>ceteroquin</strong></span> <span class='ocrx_word' id='word_1_272' title='bbox 1132 3521 1276 3573; x_wconf 89' lang='lat' dir='ltr'><strong>constans</strong></span> 
     </span>
    </p>
   </div>
   <div class='ocr_carea' id='block_1_5' title="bbox 143 3741 1278 4083">
    <p class='ocr_par' dir='ltr' id='par_1_5' title="bbox 143 3741 1278 4083">
     <span class='ocr_line' id='line_1_34' title="bbox 212 3741 1277 3809; baseline 0.001 -18"><span class='ocrx_word' id='word_1_273' title='bbox 212 3744 256 3804; x_wconf 83' lang='lat' dir='ltr'><strong>lb)</strong></span> <span class='ocrx_word' id='word_1_274' title='bbox 276 3741 334 3792; x_wconf 81' lang='lat' dir='ltr'><strong>Post</strong></span> <span class='ocrx_word' id='word_1_275' title='bbox 348 3743 422 3792; x_wconf 73' lang='lat' dir='ltr'><strong>Calli.</strong></span> <span class='ocrx_word' id='word_1_276' title='bbox 439 3745 522 3809; x_wconf 81' lang='lat' dir='ltr'><strong>hymn.</strong></span> <span class='ocrx_word' id='word_1_277' title='bbox 538 3743 577 3794; x_wconf 82' lang='lat' dir='ltr'><strong>X:</strong></span> <span class='ocrx_word' id='word_1_278' title='bbox 602 3744 675 3794; x_wconf 71' lang='lat' dir='ltr'><strong>atate</strong></span> <span class='ocrx_word' id='word_1_279' title='bbox 689 3744 759 3794; x_wconf 81' lang='lat' dir='ltr'><strong>fiber</strong></span> <span class='ocrx_word' id='word_1_280' title='bbox 775 3746 881 3807; x_wconf 83' lang='lat' dir='ltr'><strong>primas</strong></span> <span class='ocrx_word' id='word_1_281' title='bbox 895 3742 927 3792; x_wconf 80' lang='lat' dir='ltr'><strong>ds</strong></span> <span class='ocrx_word' id='word_1_282' title='bbox 943 3745 1042 3809; x_wconf 82' lang='lat' dir='ltr'><strong>ymnis.</strong></span> <span class='ocrx_word' id='word_1_283' title='bbox 1057 3742 1155 3807; x_wconf 76' lang='lat' dir='ltr'><strong>Incipit</strong></span> <span class='ocrx_word' id='word_1_284' title='bbox 1170 3741 1277 3792; x_wconf 79' lang='lat' dir='ltr'><strong>libarfl</strong></span> 
     </span>
     <span class='ocr_line' id='line_1_35' title="bbox 143 3808 1277 3878; baseline -0.003 -14"><span class='ocrx_word' id='word_1_285' title='bbox 143 3808 449 3864; x_wconf 74' lang='grc' dir='ltr'><strong>ΡΕΒΙΟΤΕΦΑΝωΝ</strong></span> <span class='ocrx_word' id='word_1_286' title='bbox 466 3828 563 3877; x_wconf 79' lang='lat' dir='ltr'><strong>prunam</strong></span> <span class='ocrx_word' id='word_1_287' title='bbox 583 3818 609 3860; x_wconf 78' lang='lat' dir='ltr'><strong>fa</strong></span> <span class='ocrx_word' id='word_1_288' title='bbox 623 3819 723 3862; x_wconf 83' lang='lat' dir='ltr'><strong>nauare</strong></span> <span class='ocrx_word' id='word_1_289' title='bbox 741 3812 896 3878; x_wconf 75' lang='lat' dir='ltr'><strong>Martyrum</strong></span> <span class='ocrx_word' id='word_1_290' title='bbox 915 3811 1051 3862; x_wconf 76' lang='lat' dir='ltr'><strong>Emeterii</strong></span> <span class='ocrx_word' id='word_1_291' title='bbox 1069 3817 1097 3861; x_wconf 84' lang='lat' dir='ltr'><strong>at</strong></span> <span class='ocrx_word' id='word_1_292' title='bbox 1117 3810 1277 3863; x_wconf 76' lang='lat' dir='ltr'><strong>Obeledont&#39;e&#39;</strong></span> 
     </span>
     <span class='ocr_line' id='line_1_36' title="bbox 145 3877 1274 3946; baseline -0.002 -15"><span class='ocrx_word' id='word_1_293' title='bbox 145 3882 436 3945; x_wconf 78' lang='lat' dir='ltr'><strong>Calagurritanorum.</strong></span> <span class='ocrx_word' id='word_1_294' title='bbox 461 3880 582 3943; x_wconf 86' lang='lat' dir='ltr'><strong>Sequitur</strong></span> <span class='ocrx_word' id='word_1_295' title='bbox 603 3881 675 3930; x_wconf 87' lang='lat' dir='ltr'><strong>metri</strong></span> <span class='ocrx_word' id='word_1_296' title='bbox 696 3881 834 3946; x_wconf 83' lang='lat' dir='ltr'><strong>explicatio</strong></span> <span class='ocrx_word' id='word_1_297' title='bbox 848 3880 973 3945; x_wconf 83' lang='lat' dir='ltr'><strong>pagellam</strong></span> <span class='ocrx_word' id='word_1_298' title='bbox 989 3879 1125 3930; x_wconf 84' lang='lat' dir='ltr'><strong>secludens</strong></span> <span class='ocrx_word' id='word_1_299' title='bbox 1139 3877 1174 3928; x_wconf 89' lang='lat' dir='ltr'><strong>nil</strong></span> <span class='ocrx_word' id='word_1_300' title='bbox 1188 3886 1274 3929; x_wconf 84' lang='lat' dir='ltr'><strong>autem</strong></span> 
     </span>
     <span class='ocr_line' id='line_1_37' title="bbox 144 3945 1275 4016; baseline -0.002 -17"><span class='ocrx_word' id='word_1_301' title='bbox 144 3950 230 4016; x_wconf 74' lang='lat' dir='ltr'><strong>bpmni</strong></span> <span class='ocrx_word' id='word_1_302' title='bbox 245 3948 368 4012; x_wconf 88' lang='lat' dir='ltr'><strong>promissi.</strong></span> <span class='ocrx_word' id='word_1_303' title='bbox 396 3947 466 3997; x_wconf 73' lang='lat' dir='ltr'><strong>totta</strong></span> <span class='ocrx_word' id='word_1_304' title='bbox 481 3948 560 4008; x_wconf 84' lang='lat' dir='ltr'><strong>igitur</strong></span> <span class='ocrx_word' id='word_1_305' title='bbox 579 3948 636 3999; x_wconf 87' lang='lat' dir='ltr'><strong>biae</strong></span> <span class='ocrx_word' id='word_1_306' title='bbox 649 3948 742 3999; x_wconf 78' lang='lat' dir='ltr'><strong>avulsa</strong></span> <span class='ocrx_word' id='word_1_307' title='bbox 755 3957 815 3998; x_wconf 87' lang='lat' dir='ltr'><strong>sant</strong></span> <span class='ocrx_word' id='word_1_308' title='bbox 834 3965 913 4014; x_wconf 85' lang='lat' dir='ltr'><strong>usqne</strong></span> <span class='ocrx_word' id='word_1_309' title='bbox 932 3948 963 3998; x_wconf 80' lang='lat' dir='ltr'><strong>ad</strong></span> <span class='ocrx_word' id='word_1_310' title='bbox 976 3945 1070 3998; x_wconf 85' lang='lat' dir='ltr'><strong>Perist.</strong></span> <span class='ocrx_word' id='word_1_311' title='bbox 1087 3947 1121 4011; x_wconf 86' lang='lat' dir='ltr'><strong>x,</strong></span> <span class='ocrx_word' id='word_1_312' title='bbox 1139 3947 1214 3997; x_wconf 90' lang='lat' dir='ltr'><strong>llltt.</strong></span> <span class='ocrx_word' id='word_1_313' title='bbox 1248 3946 1275 3997; x_wconf 89' lang='lat' dir='ltr'><strong>ld</strong></span> 
     </span>
     <span class='ocr_line' id='line_1_38' title="bbox 143 4013 1278 4083; baseline -0.002 -15"><span class='ocrx_word' id='word_1_314' title='bbox 143 4018 270 4083; x_wconf 82' lang='lat' dir='ltr'><strong>passionis</strong></span> <span class='ocrx_word' id='word_1_315' title='bbox 291 4013 396 4067; x_wconf 83' lang='lat' dir='ltr'><strong>Romani</strong></span> <span class='ocrx_word' id='word_1_316' title='bbox 416 4015 584 4077; x_wconf 77' lang='lat' dir='ltr'><strong>fragmentum</strong></span> <span class='ocrx_word' id='word_1_317' title='bbox 604 4017 738 4082; x_wconf 81' lang='lat' dir='ltr'><strong>excipiant</strong></span> <span class='ocrx_word' id='word_1_318' title='bbox 756 4016 831 4066; x_wconf 81' lang='lat' dir='ltr'><strong>Catb.</strong></span> <span class='ocrx_word' id='word_1_319' title='bbox 852 4016 906 4079; x_wconf 82' lang='lat' dir='ltr'><strong>xl,</strong></span> <span class='ocrx_word' id='word_1_320' title='bbox 926 4016 993 4079; x_wconf 84' lang='lat' dir='ltr'><strong>Xll,</strong></span> <span class='ocrx_word' id='word_1_321' title='bbox 1014 4025 1072 4083; x_wconf 87' lang='lat' dir='ltr'><strong>post</strong></span> <span class='ocrx_word' id='word_1_322' title='bbox 1091 4017 1171 4066; x_wconf 85' lang='lat' dir='ltr'><strong>banc:</strong></span> <span class='ocrx_word' id='word_1_323' title='bbox 1198 4016 1278 4067; x_wconf 67' lang='lat' dir='ltr'><strong>stass</strong></span> 
     </span>
    </p>
   </div>
   <div class='ocr_carea' id='block_1_6' title="bbox 143 4082 1277 4372">
    <p class='ocr_par' dir='ltr' id='par_1_6' title="bbox 143 4082 1277 4372">
     <span class='ocr_line' id='line_1_39' title="bbox 143 4082 1277 4168; baseline 0 -18"><span class='ocrx_word' id='word_1_324' title='bbox 143 4104 347 4152; x_wconf 79' lang='lat' dir='ltr'><strong>eatbsmariaaa</strong></span> <span class='ocrx_word' id='word_1_325' title='bbox 366 4101 510 4151; x_wconf 81' lang='lat' dir='ltr'><strong>Prodentit</strong></span> <span class='ocrx_word' id='word_1_326' title='bbox 528 4101 672 4151; x_wconf 78' lang='lat' dir='ltr'><strong>Clementis</strong></span> <span class='ocrx_word' id='word_1_327' title='bbox 685 4082 734 4155; x_wconf 53' lang='grc' dir='ltr'><strong>(π’</strong></span> <span class='ocrx_word' id='word_1_328' title='bbox 742 4083 795 4156; x_wconf 59' lang='lat' dir='ltr'><strong>ff.</strong></span> <span class='ocrx_word' id='word_1_329' title='bbox 829 4103 928 4168; x_wconf 80' lang='lat' dir='ltr'><strong>faoipit</strong></span> <span class='ocrx_word' id='word_1_330' title='bbox 948 4102 981 4153; x_wconf 82' lang='lat' dir='ltr'><strong>da</strong></span> <span class='ocrx_word' id='word_1_331' title='bbox 1000 4102 1137 4167; x_wconf 82' lang='lat' dir='ltr'><strong>apasealir</strong></span> <span class='ocrx_word' id='word_1_332' title='bbox 1155 4105 1213 4152; x_wconf 79' lang='lat' dir='ltr'><strong>sair</strong></span> <span class='ocrx_word' id='word_1_333' title='bbox 1225 4105 1277 4151; x_wconf 75' lang='lat' dir='ltr'><strong>iar-</strong></span> 
     </span>
     <span class='ocr_line' id='line_1_40' title="bbox 143 4169 1276 4237; baseline 0 -17"><span class='ocrx_word' id='word_1_334' title='bbox 143 4170 228 4220; x_wconf 85' lang='lat' dir='ltr'><strong>mcfat</strong></span> <span class='ocrx_word' id='word_1_335' title='bbox 240 4171 320 4220; x_wconf 80' lang='lat' dir='ltr'><strong>Patm&#39;</strong></span> <span class='ocrx_word' id='word_1_336' title='bbox 331 4170 383 4221; x_wconf 69' lang='lat' dir='ltr'><strong>tta.</strong></span> <span class='ocrx_word' id='word_1_337' title='bbox 399 4169 560 4235; x_wconf 78' lang='lat' dir='ltr'><strong>(Epilogus),</strong></span> <span class='ocrx_word' id='word_1_338' title='bbox 583 4178 640 4235; x_wconf 91' lang='lat' dir='ltr'><strong>past</strong></span> <span class='ocrx_word' id='word_1_339' title='bbox 654 4170 803 4237; x_wconf 72' lang='lat' dir='ltr'><strong>llpilagnms</strong></span> <span class='ocrx_word' id='word_1_340' title='bbox 824 4172 897 4221; x_wconf 77' lang='lat' dir='ltr'><strong>rana</strong></span> <span class='ocrx_word' id='word_1_341' title='bbox 909 4171 1116 4237; x_wconf 73' lang='lat' dir='ltr'><strong>Peristqfaaoa‚</strong></span> <span class='ocrx_word' id='word_1_342' title='bbox 1136 4169 1276 4236; x_wconf 70' lang='lat' dir='ltr'><strong>[recaptant</strong></span> 
     </span>
     <span class='ocr_line' id='line_1_41' title="bbox 144 4237 1277 4304; baseline 0 -16"><span class='ocrx_word' id='word_1_343' title='bbox 144 4238 223 4288; x_wconf 69' lang='lat' dir='ltr'><strong>tituta·</strong></span> <span class='ocrx_word' id='word_1_344' title='bbox 235 4240 423 4301; x_wconf 81' lang='lat' dir='ltr'><strong>ilistoriarum,</strong></span> <span class='ocrx_word' id='word_1_345' title='bbox 437 4237 528 4303; x_wconf 86' lang='lat' dir='ltr'><strong>quibas</strong></span> <span class='ocrx_word' id='word_1_346' title='bbox 541 4237 680 4290; x_wconf 87' lang='lat' dir='ltr'><strong>absolutis:</strong></span> <span class='ocrx_word' id='word_1_347' title='bbox 696 4239 797 4304; x_wconf 82' lang='lat' dir='ltr'><strong>Incipit</strong></span> <span class='ocrx_word' id='word_1_348' title='bbox 807 4237 1032 4293; x_wconf 66' lang='lat' dir='ltr'><strong>noeentum</strong></span> <span class='ocrx_word' id='word_1_349' title='bbox 1044 4239 1074 4290; x_wconf 83' lang='lat' dir='ltr'><strong>fd</strong></span> <span class='ocrx_word' id='word_1_350' title='bbox 1083 4242 1124 4288; x_wconf 84' lang='lat' dir='ltr'><strong>ast</strong></span> <span class='ocrx_word' id='word_1_351' title='bbox 1133 4238 1166 4289; x_wconf 76' lang='lat' dir='ltr'><strong>aa</strong></span> <span class='ocrx_word' id='word_1_352' title='bbox 1178 4239 1277 4289; x_wconf 71' lang='lat' dir='ltr'><strong>trams-</strong></span> 
     </span>
     <span class='ocr_line' id='line_1_42' title="bbox 144 4306 716 4372; baseline 0.003 -16"><span class='ocrx_word' id='word_1_353' title='bbox 144 4310 215 4367; x_wconf 80' lang='lat' dir='ltr'><strong>tats;</strong></span> <span class='ocrx_word' id='word_1_354' title='bbox 233 4307 277 4357; x_wconf 81' lang='lat' dir='ltr'><strong>aad</strong></span> <span class='ocrx_word' id='word_1_355' title='bbox 291 4306 374 4372; x_wconf 83' lang='lat' dir='ltr'><strong>praef.</strong></span> <span class='ocrx_word' id='word_1_356' title='bbox 388 4321 413 4358; x_wconf 84' lang='grc' dir='ltr'><strong>ν.</strong></span> <span class='ocrx_word' id='word_1_357' title='bbox 429 4306 462 4358; x_wconf 82' lang='grc'><strong>511</strong></span> <span class='ocrx_word' id='word_1_358' title='bbox 474 4307 520 4358; x_wconf 84' lang='lat' dir='ltr'><strong>aad</strong></span> <span class='ocrx_word' id='word_1_359' title='bbox 546 4308 653 4358; x_wconf 82' lang='lat' dir='ltr'><strong>altinas</strong></span> <span class='ocrx_word' id='word_1_360' title='bbox 665 4316 716 4359; x_wconf 85' lang='lat' dir='ltr'><strong>est.</strong></span> 
     </span>
    </p>
   </div>
   <div class='ocr_carea' id='block_1_7' title="bbox 0 0 1430 4808">
    <p class='ocr_par' dir='ltr' id='par_1_7' title="bbox 0 0 1430 4808">
     <span class='ocr_line' id='line_1_43' title="bbox 0 0 1430 4808; baseline 0 0"><span class='ocrx_word' id='word_1_361' title='bbox 0 0 1430 4808; x_wconf 95' lang='lat' dir='ltr'><strong> </strong></span> 
     </span>
    </p>
   </div>
  </div>
 </body>
</html>
