2842 4808
569 246 644 300 tbtt.
661 246 841 301 rubuuuru
855 248 956 301 otuu.

291 607 358 659 vur.
398 609 441 659 nn
461 608 566 673 noco,
588 607 619 659 ιιι
639 608 706 674 ouo
725 607 905 661 narraras
926 610 1017 661 rasso
1039 610 1140 672 surr,
1164 610 1252 661 natac

540 686 782 739 sarrrsrunruu
802 686 999 738 carneunnr.

338 838 465 903 Electus
481 836 608 904 Christo
623 842 712 904 locus
728 846 788 919 est,
809 842 860 905 ubt
878 843 972 904 corda
987 843 1115 918 probatu

416 935 565 1011 provehet
579 936 617 998 ad
633 937 752 998 caetum
768 938 932 1013 sauguine,
950 943 1064 1015 dumet
1078 952 1166 1014 equa.

341 1031 398 1095 Hic
414 1033 475 1095 duo
490 1047 679 1109 purpureum
696 1031 821 1095 Domini
836 1048 892 1111 pro
909 1036 1033 1097 nornine
1048 1037 1131 1097 caesi

416 1131 602 1207 martyrium
616 1129 726 1206 pulcra
739 1132 839 1190 morte
854 1130 955 1191 tulere
970 1129 1042 1191 virt.

338 1222 396 1285 Hic
410 1225 504 1285 etiarn
521 1224 638 1300 ttqutdo
653 1223 722 1285 ttutt
737 1223 932 1300 indulgentia
948 1224 1034 1285 tonte

415 1333 452 1380 ac
467 1323 591 1381 veteres
606 1317 744 1380 maculas
761 1317 851 1380 dllutt
865 1332 957 1380 amne
971 1333 1064 1381 novo.

337 1410 400 1495 Qut
415 1415 501 1490 cupit
515 1418 676 1477 aeternum
693 1413 770 1475 caeli
787 1415 996 1477 conscendere
1011 1429 1154 1491 regnum,

415 1507 476 1571 buc
492 1510 597 1570 ventat
612 1509 733 1585 sitiens,
752 1524 825 1570 ecce
840 1513 949 1585 parata
966 1511 1017 1570 via
1033 1515 1092 1571 est.

337 1602 420 1667 Ante
435 1606 576 1666 coronati
593 1604 783 1666 scandebant
797 1604 894 1667 ardua
911 1608 1008 1666 testes

416 1699 508 1775 utria,
526 1713 610 1761 nunc
624 1698 707 1760 totae
723 1699 808 1759 celsa
823 1701 933 1774 petunt
947 1698 1079 1760 animae.

335 1790 472 1870 Spiritus
487 1794 633 1857 aethereo
648 1794 760 1855 solitus
775 1793 964 1855 descendere
979 1794 1069 1871 lapsu

415 1893 448 1950 ut
463 1889 590 1951 dederat
605 1889 750 1964 parmam,
768 1888 814 1949 stc
829 1887 939 1949 tribuit
954 1888 1088 1949 ventam.

336 1978 450 2043 Haurit
465 1986 550 2044 terra
564 1996 674 2043 saeros
688 1986 745 2042 aut
759 1982 846 2043 tonte
860 1984 916 2042 aut
931 1981 1086 2056 sanguine
1101 1994 1201 2055 rores,

276 2169 317 2218 De
335 2169 392 2218 Ioco
411 2173 439 2217 ia
459 2186 511 2236 quo
530 2174 668 2237 martyres
683 2173 763 2235 passi
778 2175 844 2219 sunt
863 2184 933 2219 nune
945 2170 1134 2220 babtisterium
1153 2168 1295 2233 calagurri
1313 2170 1336 2220 A

209 2238 326 2301 (notante
346 2236 429 2303 ieepio
448 2246 536 2288 contra
557 2238 708 2304 Obbarium)
730 2236 751 2288 0
771 2238 810 2300 (iu
824 2239 871 2288 boc
892 2239 1081 2304 tertineriam
1101 2244 1142 2289 cst
1160 2238 1333 2304 satagam),

207 2322 277 2355 nunc
297 2306 370 2370 bapt.
394 2313 435 2356 est
449 2308 599 2373 Calagorra
620 2306 657 2369 E,
678 2308 752 2371 bapt.
767 2311 796 2356 st
810 2306 963 2373 Calagum
983 2306 1019 2369 tt,
1041 2308 1079 2357 De
1092 2309 1149 2359 toea
1162 2312 1190 2358 in
1202 2325 1254 2373 quo
1268 2307 1333 2371 (iam

207 2375 273 2426 dnae
292 2375 384 2425 literas
406 2376 487 2441 eras.)
504 2381 582 2442 passi
592 2380 658 2427 suut
674 2374 826 2440 Mantinia
846 2375 941 2442 lsepio)
949 2415 958 2440 ‚
978 2376 1125 2441 Calagum·
1136 2392 1185 2428 ora.
1200 2376 1258 2426 edd.
1274 2385 1334 2429 ante

209 2443 314 2508 Heius,
336 2445 372 2493 De
386 2446 443 2496 loco
456 2450 484 2495 ia
497 2462 550 2512 quo
562 2450 698 2512 suartprss
707 2449 788 2512 passi
798 2450 865 2496 ment
875 2461 947 2495 nuuc
960 2447 1150 2512 baptisterium
1162 2450 1203 2495 est
1222 2445 1281 2496 aas.
1296 2463 1330 2509 ur,

208 2514 308 2578 Incipit
318 2513 351 2564 ds
364 2514 422 2565 luco
437 2517 463 2564 ia
477 2531 530 2582 quo
539 2515 671 2566 Martires
679 2518 756 2581 passi
766 2517 1107 2582 suntuuucbaptistsriam
1121 2520 1161 2564 est
1174 2532 1206 2578 α,
1221 2516 1261 2564 De
1273 2517 1333 2565 ioco

207 2586 234 2633 in
255 2600 307 2649 qao
326 2589 463 2650 martyres
479 2589 729 2650 panicoctariae
746 2585 937 2649 baptisterium
957 2590 1000 2634 est
1011 2585 1158 2650 calagorra
1171 2599 1202 2646 a,
1222 2585 1261 2634 De
1274 2583 1332 2636 loeo

208 2656 237 2702 ιἰι
251 2668 301 2717 quo
314 2658 452 2719 martyres
462 2658 540 2718 passi
550 2658 616 2703 strat
626 2668 697 2703 uuna
705 2654 894 2719 baptisterium
909 2652 941 2716 b,
956 2652 1041 2703 nuilus
1054 2652 1146 2703 titulus
1160 2668 1190 2717 p,
1210 2653 1257 2703 boc
1270 2669 1333 2719 poe·

208 2721 302 2771 motion
323 2721 377 2772 des.
397 2722 421 2771 in
442 2739 473 2787 q,
504 2722 604 2774 Versus
624 2726 651 2771 ia
671 2722 777 2773 taudem
797 2723 952 2785 baptisterii
966 2722 1082 2773 duorum
1101 2728 1256 2788 martyrum
1269 2738 1332 2772 san-

204 2791 456 2855 guiuer'liustrisu.
564 2793 588 2841 1.
608 2791 750 2852 locustio,
765 2789 843 2840 abitt
858 2789 1013 2857 PpWeitz.
1118 2791 1142 2843 3.
1162 2805 1331 2857 purpureum

209 2859 315 2909 Christi
333 2874 385 2923 pro
403 2858 480 2908 Febr.
496 2857 565 2919 Gis.;
585 2860 625 2908 bic
638 2875 676 2909 vs.
692 2859 745 2909 des.
761 2859 787 2908 in
801 2859 858 2908 atd.
879 2860 960 2923 tuga.
983 2859 1052 2909 Sicb.
1064 2860 1146 2911 tribus
1160 2860 1214 2909 loeo
1229 2861 1329 2910 relicto.

206 2926 239 2975 Se
259 2943 314 2976 euru
335 2942 366 2975 ex
386 2927 441 2976 cod.
457 2927 562 2977 Borneri
584 2928 728 2978 restituisse
747 2928 810 2978 dicit
828 2927 960 2979 Fabricius
980 2929 1132 2995 obioqueute
1145 2929 1272 2990 Arevato,
1287 2930 1329 2995 qui

207 2995 278 3058 „ianr
297 2994 404 3045 extabat
421 2996 447 3044 in
466 2996 679 3061 praecedentibus
696 2996 782 3046 inultis
801 2997 979 3048 editionibus“
999 2999 1102 3049 usserit.
1132 2997 1263 3063 Quotquot
1282 3013 1331 3062 ego

206 3070 266 3113 ante
279 3062 423 3114 Fabricium
436 3063 490 3114 vidi
503 3064 573 3125 edd„
587 3080 643 3114 euru
657 3080 704 3113 non
719 3064 884 3115 exhibebant.
1006 3068 1031 3116 8.
1051 3071 1137 3117 ueniet
1151 3084 1184 3131 a,
1203 3071 1292 3117 ueniet
1304 3073 1332 3118 st

205 3134 301 3183 sitieris
315 3148 340 3199 p.
465 3134 505 3183 to.
526 3139 590 3184 tuac
609 3132 627 3182 Η
642 3149 673 3200 p3
693 3134 782 3183 lastae
798 3148 877 3199 supra
895 3134 940 3185 ait.
957 3134 985 3185 u.
1111 3136 1152 3186 ll.
1171 3135 1330 3186 aetbereoii

207 3200 282 3264 Prae.
298 3201 354 3253 bat.
370 3201 385 3252 b
399 3203 513 3253 nonnulii
526 3201 669 3267 exitatus,
688 3203 807 3254 autberto
820 3218 843 3252 ιιι
857 3219 902 3269 pro
912 3204 966 3254 div.
979 3205 1037 3254 tect.
1048 3203 1143 3256 Weitz.
1160 3204 1249 3255 Heius.
1262 3204 1330 3256 dett.

204 3270 296 3335 Areu,
315 3277 426 3323 aeterno
439 3271 516 3322 Laur.
531 3290 548 3321 α
561 3287 576 3322 a
590 3288 612 3323 ιιι
626 3287 641 3338 p
653 3290 668 3322 ιι
683 3271 741 3322 Aid.
757 3270 836 3337 Luqd.
850 3272 981 3324 Sicb.tres
993 3271 1071 3324 Febr.
1083 3271 1140 3324 Gis.
1152 3274 1228 3326 Char.
1244 3273 1330 3325 Poett.

206 3341 299 3391 Amstr.
315 3341 381 3391 Obb.
500 3342 540 3392 12.
561 3343 668 3393 tribuat
680 3338 737 3391 tter.
752 3341 767 3391 b
783 3343 835 3392 trn.
955 3343 995 3394 13.
1015 3343 1116 3394 Haurit
1127 3342 1164 3406 11,
1183 3344 1245 3394 Aur
1258 3342 1329 3401 unt„

205 3413 327 3474 aurita,
347 3410 407 3462 Alit
417 3426 493 3477 supra
506 3413 602 3462 baurit
612 3411 645 3461 sd
657 3425 728 3461 orem
741 3411 784 3462 ai:
798 3413 893 3462 inuasit
906 3426 940 3463 ιιι.

255 3589 325 3642 vtlt.
342 3592 368 3642 in
382 3593 546 3658 inscriptione
560 3591 672 3642 editores
686 3599 745 3641 ante
788 3599 861 3642 ceute
886 3593 1016 3658 Arausio,
1046 3593 1088 3659 qui
1119 3593 1331 3660 inscriptionibus

205 3658 336 3711 iisinsiuar
359 3677 414 3711 voe.
437 3661 584 3724 Calagurri
604 3676 652 3710 non
674 3661 745 3710 exiti-
787 3662 860 3710 codd.
889 3661 968 3714 baur.
999 3663 1119 3726 (bandini
1149 3663 1227 3713 catat.
1254 3663 1329 3713 codd.

204 3728 275 3778 beat.
290 3729 431 3791 Giselinns,
446 3727 543 3780 Weitz.
559 3731 635 3779 bocas
646 3743 745 3794 poema·
787 3732 1015 3797 manuscriptorum
1036 3733 1100 3782 bibl.
1120 3730 1244 3783 Laureut.
1271 3732 1331 3783 rto-

203 3797 257 3846 tion
279 3798 310 3847 sd
330 3811 386 3847 sum
407 3795 499 3847 nomae
513 3796 632 3849 Vaticani
650 3796 744 3863 [scribe
788 3806 854 3850 rent.
869 3798 887 3859 Ι,
908 3814 933 3864 p.
948 3799 1011 3864 tto)
1033 3808 1059 3850 et
1080 3817 1096 3850 u
1118 3801 1209 3865 nixus,
1235 3817 1281 3852 eos
1302 3801 1328 3851 in

203 3865 296 3915 saltent
311 3863 443 3931 Capitolii]
457 3866 537 3915 locum
551 3865 680 3927 referunt,
699 3867 742 3917 ubi
787 3865 937 3933 baptisterio
951 3869 1036 3932 atiquo
1047 3869 1251 3934 utaffiqersatur
1261 3886 1329 3921 com-

204 3933 295 3984 Petrus
315 3933 446 3999 apostotus
466 3933 611 3984 Processuru
632 3943 660 3985 et
676 3934 744 3986 biar-
786 3936 883 4001 positos
897 3935 975 3986 tuisse
988 3938 1084 4001 arguit.
1105 3938 1130 3988 id
1148 3939 1328 4004 baptisterium

203 4004 327 4055 tinianuur
348 4003 494 4069 baptizasse
513 4002 603 4053 turtur.
631 4003 743 4055 conmit—
786 4004 1328 4059 inbonoremiinreteriisthelidouiiCa-

203 4071 290 4123 tardus
303 4089 400 4139 qnoque
414 4072 445 4122 dc
461 4071 576 4122 custodia
590 4071 741 4123 Mamertina
784 4072 999 4137 iaanritanorurn
1019 4077 1114 4143 (hymn.
1130 4076 1150 4137 1)
1167 4085 1328 4128 exstructum

201 4143 316 4206 cogitet,
335 4142 379 4192 sed
399 4156 476 4207 supra
496 4141 550 4191 toro
565 4140 739 4192 Romanoeam
784 4149 810 4192 st
828 4158 842 4192 e
862 4142 996 4210 longinquo
1015 4145 1147 4196 visitatum
1170 4163 1227 4198 esse
1245 4145 1277 4211 (Ι.
1296 4149 1326 4198 td

202 4218 271 4260 recte
286 4211 391 4276 reperit.
409 4211 488 4273 Sunt,
504 4209 595 4277 quibus
608 4210 647 4260 bis
659 4212 740 4261 versi·
783 4213 851 4277 sqq.)
864 4211 929 4261 obt.
946 4214 1074 4279 opinatur.

202 4275 248 4328 bas
269 4279 334 4330 aiios
356 4280 446 4329 deesse
470 4286 590 4330 eensssnt
610 4280 739 4330 contradi·
835 4281 874 4333 13.
888 4281 982 4349 sonte]
996 4283 1132 4348 baptismo.
