2842 4808
568 261 643 315 AUll.
657 260 837 315 PttttuttttTtt
852 260 956 314 ctutt.

453 462 592 514 vectores
610 450 708 534 pavidi
725 462 861 534 stupent:

451 544 533 608 solus
549 565 609 605 nou
626 544 760 627 trepidus
776 544 883 607 Petrus

381 651 384 657 “
455 638 592 722 agnoseit
602 637 764 699 Dominum
781 637 841 720 poli

452 743 610 812 terraeque
627 740 657 792 et
672 731 763 793 maris
780 730 866 806 invii,

455 827 540 889 ouius
557 827 789 910 omnipotentiae
805 835 858 903 est,

451 918 559 1003 plantis
576 939 706 1000 aequora
722 919 861 981 subdere.

451 1013 562 1076 Tendit
576 1013 750 1098 suppliciter
764 1010 882 1086 marnis,

451 1119 552 1171 notum
570 1108 733 1171 subsidium
750 1121 848 1192 rogat.

449 1205 503 1267 Ast
519 1205 569 1266 ille
586 1204 698 1287 placide
715 1207 862 1283 adnuens,

450 1300 537 1382 puppi
554 1310 586 1362 ut
601 1299 732 1375 desiliat,
750 1301 842 1363 iubet.

450 1395 544 1458 lussis
560 1397 735 1479 obsequitur
748 1398 869 1473 Petrus,

451 1490 503 1552 sed
520 1491 648 1574 vestigia
664 1492 800 1556 fluetibus

445 1585 569 1649 summis
586 1587 725 1670 tinguere
740 1599 882 1671 coeperat

452 1689 482 1740 et
497 1679 632 1760 lapsante
647 1680 740 1763 gradu
757 1683 847 1764 pedes

448 1793 566 1857 pessum
583 1794 721 1859 mergere
737 1775 881 1840 lubricos.

453 1866 609 1931 Mortalem
628 1869 707 1932 Deus
724 1869 871 1951 increpat,

448 1966 524 2046 quod
541 1965 580 2027 sit
596 1986 656 2026 nou
672 1964 769 2028 stabili
786 1963 856 2040 fide,

449 2079 503 2122 neo
520 2062 637 2123 calcare
653 2061 789 2136 fluentia,

449 2172 504 2214 neo
522 2151 671 2214 Christum
689 2153 790 2217 valeat
804 2153 901 2235 sequi.

447 2245 523 2309 Tum
541 2246 647 2308 dextra
666 2246 803 2308 famulum
822 2246 902 2310 levat

448 2339 587 2422 sistitque
604 2351 634 2401 et
650 2341 737 2403 donet
752 2340 866 2424 ingredi

451 2447 564 2519 tongum
583 2457 635 2519 per
650 2435 793 2499 tumidum
810 2438 892 2499 lreti.

513 2533 563 2595 Sio
578 2553 625 2595 me
643 2543 704 2596 tutu
720 2533 840 2597 silentia

448 2647 603 2710 egressum
622 2627 718 2691 dubiis
734 2627 847 2710 loquax

448 2722 539 2784 iulert
554 2722 656 2805 lingua
673 2722 832 2805 perieulis:

449 2836 507 2879 non
526 2826 558 2877 ut
573 2816 748 2899 discipulum
766 2815 885 2877 Petrum

448 2912 583 2973 fidentem
601 2922 631 2972 et
647 2913 754 2974 merito
770 2922 800 2974 et
815 2912 884 2986 lide,

447 3003 499 3063 sed
515 3023 601 3083 quem
618 3003 702 3084 eulpa
720 3004 859 3085 frequens
883 3004 979 3065 levem

447 3097 549 3158 volvat
565 3116 618 3179 per
634 3098 709 3159 freta
725 3098 913 3181 naufragum.

449 3189 518 3252 Sum
537 3190 625 3273 plane
641 3189 831 3267 temerarius,

449 3284 497 3366 qui
515 3284 610 3347 noetis
626 3283 696 3345 milri
714 3284 864 3360 conscius,

264 3442 307 3492 26.
341 3443 476 3505 t’ntnsqne
495 3443 704 3505 omnipotentior
730 3446 771 3490 ert
796 3439 850 3491 Gis.
872 3437 897 3502 l,
931 3439 1017 3489 Cuius
1037 3441 1273 3504 cunctipotentiuo
1291 3449 1337 3492 ost

194 3510 250 3562 Gis.
366 3513 407 3561 30.
427 3509 492 3560 ttttt
508 3511 537 3573 (i.
553 3525 577 3560 e.
592 3510 648 3559 eod.
666 3508 775 3572 lureti);
797 3513 912 3559 innuens
926 3505 955 3557 R.
1065 3507 1108 3557 at.
1123 3506 1243 3558 decutiat
1256 3508 1266 3558 1
1279 3523 1314 3560 m.

263 3580 305 3629 32.
321 3581 492 3644 obtemperat
504 3579 604 3628 Petrus
625 3576 666 3628 lli
684 3579 811 3642 glossema
831 3585 900 3645 puto.
1007 3575 1051 3625 34.
1078 3576 1205 3627 Summus
1227 3575 1334 3643 [ogda

193 3649 260 3697 mule
273 3648 348 3696 Aren.
364 3655 423 3712 post
435 3653 560 3715 coeperat
570 3655 663 3714 puncto
677 3647 782 3710 disting.
889 3645 930 3695 38.
949 3644 1026 3710 Quod
1037 3646 1058 3694 tt
1071 3643 1088 3694 ll
1102 3643 1199 3694 (leuet.
1213 3661 1234 3693 α
1247 3661 1264 3696 ι
1277 3662 1300 3697 m
1317 3617 1335 3698 ri

194 3714 291 3764 Weitz.
307 3713 395 3763 Heius.
410 3715 476 3765 eett.
492 3717 545 3780 (ed.
561 3716 672 3766 seeundo
688 3712 812 3781 Quodsi)
827 3718 903 3764 Arev.
920 3712 1002 3776 0bb.‚
1024 3712 1127 3779 Quint:
1142 3711 1160 3762 P
1176 3728 1256 3779 supr·
1270 3730 1333 3780 our,

195 3782 250 3848 Qut
261 3780 320 3830 tto.
333 3780 415 3845 bugd.
429 3783 498 3833 stou.
510 3791 563 3834 tres
577 3783 654 3834 Febr.
666 3781 721 3833 Gis.
733 3781 829 3846 Grung.
845 3782 921 3833 Chor.
933 3780 1017 3833 Poett.
1027 3783 1122 3833 Amutr.
1195 3782 1241 3832 tt.
1256 3783 1334 3835 Dum

194 3852 257 3913 lm,
279 3848 354 3900 Turro
365 3864 389 3899 u.
486 3851 528 3900 tt.
550 3852 673 3903 sisteret
687 3851 814 3914 donetque
826 3851 936 3915 ingredi
948 3850 1023 3916 Prng.
1129 3848 1171 3901 ts.
1188 3856 1216 3901 et
1228 3856 1335 3904 ιιιοηῖο

194 3919 213 3968 Β
226 3917 279 3969 ott
294 3916 315 3967 ll
330 3934 347 3966 α
360 3932 384 3966 ιιι
404 3917 473 3967 stou.
484 3927 537 3969 tres
556 3919 635 3970 Febr.
658 3918 734 3970 Cher.
757 3919 840 3970 Poett.
861 3920 949 3968 Heius.
965 3920 1031 3971 Cell.
1048 3922 1143 3983 Aram,
1165 3933 1214 3970 om.
1231 3921 1297 3973 ortt
1310 3919 1335 3972 ll

193 3988 269 4051 Prng.
284 4002 300 4036 n
313 4003 329 4036 n
342 3987 400 4036 Att.
415 3986 496 4050 bugd.
513 3987 569 4037 Gis.
584 3988 683 4038 Weitz.
699 3986 793 4051 Grang.
811 3989 907 4036 Amstr.
923 3987 987 4038 ott.
1107 3991 1150 4040 50.
1165 3988 1266 4041 Solone
1279 4007 1335 4057 per

186 4059 269 4121 freta
282 4058 460 4121 naufragium
475 4055 550 4120 Prug.

243 4210 287 4258 ts.
314 4209 556 4291 copim...fmq
588 4195 660 4289 nnn
684 4210 734 4260 or.
780 4206 851 4270 vrrs.
871 4207 964 4275 osorg.
987 4209 1029 4276 ιιι,
1050 4213 1100 4265 aoo
1121 4209 1255 4277 utraqu·
1274 4217 1334 4266 sa·

193 4273 238 4335 lll,
261 4277 309 4326 ttt
327 4275 362 4327 du
390 4273 470 4348 εὐρέα
489 4278 564 4330 νῶτα
582 4279 734 4342 θαλασσησ,
781 4277 995 4339 torevserrutor
1009 4285 1130 4333 sustinet
1141 4280 1227 4332 ordea.
