2842 4808
128 194 197 236 XXX
554 190 815 245 tuotuoottttrtt.

124 382 187 446 per
202 362 348 427 Ioannem
365 362 566 427 Sichordum.
587 363 662 429 Cum
675 367 788 449 gratia
802 373 836 428 et
846 366 1023 450 priuilegio
1038 363 1206 429 Caesareo.
1226 370 1258 429 8.

129 454 255 518 Inbue:
274 456 421 520 Basileae
437 455 523 541 apud
535 457 624 520 And.
644 457 868 531 Crotundrum,
889 479 992 520 mense
1007 457 1143 521 Martio.
1163 459 1261 523 Anno

132 553 225 610 1527.
248 549 345 612 Editio
366 548 515 633 prioribus
538 548 636 613 ubivis
651 551 835 627 correctior,
860 571 946 633 quum
962 570 1076 614 mecum
1093 550 1200 614 habeo.
1227 551 1261 614 Iu

130 642 224 724 prael.
248 641 328 706 Sicb.
352 642 474 706 scribit:
502 643 641 706 Pristcno
657 653 760 706 cutem
782 646 884 707 nitori
896 646 1107 718 restituimus,
1129 667 1190 708 non
1211 649 1262 708 in·

75 784 81 793 .
127 735 326 818 geniosreti,
345 736 430 821 quod
442 747 492 800 cst
502 759 606 822 genus
621 736 808 799 emendandi
820 740 901 801 sute's
918 737 1087 816 lubricum,
1104 760 1143 801 ne
1157 738 1262 802 dicam

129 830 255 892 interim
265 832 429 914 pestilens,
446 831 558 894 reden
575 831 733 895 codicibus
748 832 985 910 uetustioribus,
1009 853 1139 917 quorum
1155 832 1200 894 ad
1210 853 1261 895 me

129 945 221 988 unum
247 947 291 990 en
310 924 535 1012 Argentorato
557 927 699 990 uehentbit
715 927 760 991 V.
780 927 816 992 C.
837 926 874 991 V
871 927 1058 991 uerinherus
1075 926 1112 989 V
1109 926 1259 1012 captiuas,

128 1022 179 1083 uir
199 1041 268 1084 cum
290 1024 450 1101 eruditus,
481 1033 561 1097 lum,
588 1023 673 1107 quod
694 1027 725 1082 iu
746 1043 865 1105 magna
886 1044 969 1085 nunc
990 1022 1100 1098 laude,
1129 1030 1263 1085 uiuunt

128 1135 231 1178 encres
255 1116 429 1192 hominum,
459 1127 508 1180 ert
523 1117 723 1202 ponendum,
754 1117 964 1180 communibus
987 1117 1102 1202 studiis
1123 1119 1263 1181 meamne

118 1209 250 1293 fauens.

43 1341 103 1384 1533,
213 1307 375 1371 Melodiae
396 1306 633 1370 Prudentianae
656 1314 687 1369 et
709 1307 741 1367 in
765 1304 943 1389 Virgilium
965 1328 1083 1390 magna
1104 1327 1148 1369 eu
1165 1316 1261 1391 purte

128 1423 228 1486 nuper
241 1414 336 1466 nutue
351 1413 384 1466 et
392 1424 455 1488 per
469 1401 543 1465 Nic.
562 1401 700 1465 Fahmtm
723 1400 916 1486 typograph.
942 1423 1113 1486 cupressae
1129 1401 1260 1488 Lipsiae

127 1495 170 1558 II.
188 1495 225 1558 D.
241 1496 388 1559 XXXIII.
406 1517 507 1559 mense
520 1494 630 1581 April.
650 1502 680 1557 8.

43 1635 105 1679 15³⁶,
214 1601 346 1666 Aurelii
366 1603 533 1666 Prudentii
553 1601 720 1666 Clementis
749 1604 814 1665 oiri
833 1603 1011 1666 consuleris
1040 1622 1138 1686 opera
1164 1604 1259 1666 multo

129 1716 222 1782 quam
244 1705 339 1760 anteo
361 1700 595 1782 castigatiora3
621 1705 793 1779 praeterea
816 1707 847 1760 et
869 1696 960 1761 Aelii
972 1695 1114 1759 Antonii
1125 1695 1259 1759 Nebris-

128 1793 227 1854 sensis
242 1793 472 1855 commentariis
488 1790 575 1853 haud
585 1791 783 1874 poenitendis
803 1793 980 1866 illustrata,
1005 1790 1116 1874 quibus
1131 1793 1260 1875 insuper

129 1885 333 1969 adglutinotu
354 1898 430 1950 sunt
450 1886 580 1950 Scholia
600 1888 731 1950 loannis
754 1887 923 1964 Sichardi,
949 1908 1029 1971 qaae
1052 1889 1156 1950 omunia
1176 1909 1259 1950 nunc

125 1982 259 2062 primum
276 1982 308 2041 in
321 1979 569 2042 Philomusorum
581 1984 724 2065 gratiam
740 2003 860 2045 cucuso
871 1992 954 2045 cunt.
973 1981 1260 2047 EncudehatAnt·

129 2075 259 2157 uerpiae
275 2074 437 2138 Martinus
454 2074 591 2150 Caesar,
615 2095 697 2137 unno
713 2077 825 2138 salutis
840 2076 993 2140 humanae
1009 2078 1046 2140 D.
1063 2079 1105 2141 tt.
1122 2079 1258 2142 XXXVI

130 2169 215 2252 (sic),
234 2174 263 2232 8.
294 2170 368 2233 Post
384 2171 499 2253 praei:
526 2167 674 2232 Basileae
695 2191 738 2231 en
754 2171 884 2233 aedibus
906 2176 1025 2236 nostris
1040 2175 1136 2237 Anno
1157 2175 1199 2238 Μ.
1217 2176 1256 2238 tt.

128 2261 288 2325 XXXVII.
313 2262 426 2331 Mense
446 2262 583 2326 Martio.
619 2262 739 2325 Contuli
755 2263 864 2327 librum
880 2264 973 2347 priori
995 2266 1042 2328 ed.
1060 2266 1141 2329 Sicb.
1161 2268 1258 2331 minue

128 2369 298 2422 correctum
314 2359 343 2423 iu
359 2357 430 2423 bibl.
448 2358 541 2441 Regia
555 2357 688 2421 beroliu.

43 2505 105 2548 2537,
213 2463 264 2530 Ile
289 2464 450 2527 miraculis
543 2462 604 2527 SS.
633 2473 806 2548 martyrum
830 2464 1005 2528 Hemeterii
1023 2476 1056 2527 et
1080 2465 1262 2530 Chelidonii

128 2579 195 2622 cum
211 2559 280 2623 Iac.
297 2557 427 2644 Meyeri
438 2559 533 2620 notis.
558 2557 676 2620 Lovau.
697 2565 789 2636 1537,
809 2566 840 2623 8.
860 2559 1026 2623 -Eodem
1043 2580 1112 2622 au.:
1130 2560 1261 2624 Ieteenci

123 2655 309 2739 presbytcri
321 2654 449 2737 hispani
461 2653 514 2716 tit.
534 2652 584 2715 lII.
610 2653 647 2715 de
668 2653 804 2718 historia
819 2658 1006 2739 euangelica
1022 2656 1181 2718 emendati
1193 2668 1253 2719 etc.

128 2750 284 2818 Aratorn's
309 2751 496 2813 subdiaconi
521 2750 575 2810 hh.
602 2747 638 2809 Il.
669 2759 742 2812 actu
771 2752 983 2833 apostolorum
1018 2751 1257 2829 complectentes

128 2856 224 2908 antea
246 2847 279 2906 in
304 2843 474 2908 Germania
496 2865 557 2906 non
586 2845 709 2905 excusi.
750 2845 835 2906 Aur.
862 2842 962 2905 Prud.
988 2840 1087 2906 Clem.
1116 2862 1200 2901 cone.
1224 2865 1252 2903 o.

128 2938 325 3002 enchiridion
342 2951 402 3000 oet.
422 2948 452 3000 et
465 2939 541 3000 noui
554 2938 766 2999 enstmmenti.
792 2936 924 3000 Scholae
944 2935 1136 2998 christianae
1151 2956 1256 2996 neccs-

127 3039 211 3101 sarii
237 3036 324 3098 libri.
348 3034 451 3098 Basil.
483 3034 569 3117 apud
589 3032 782 3097 Bartholom.
817 3031 864 3098 W
863 3031 1066 3095 esthemerum
1094 3041 1124 3093 et
1145 3029 1250 3094 Niccl.

130 3131 318 3217 Brylinger.
334 3130 417 3197 a.M.
428 3129 463 3191 D.
473 3126 634 3202 XXXVII,
649 3133 678 3190 8.
699 3127 761 3189 Cir.
773 3126 900 3190 Gebser.
913 3127 950 3190 ed
962 3125 1082 3191 Iuveuc.
1097 3150 1125 3210 p.
1136 3135 1188 3189 47.

42 3253 102 3296 toto.
212 3231 345 3295 Aurelii
366 3230 533 3293 Prudentii
553 3230 720 3294 Clementis
745 3231 810 3291 oiri
836 3232 1013 3293 consularis
1036 3252 1132 3315 opera
1158 3234 1253 3294 multo

125 3344 217 3410 quum
237 3334 331 3388 antea
355 3325 584 3407 castigatiora5
612 3331 783 3408 praetcrea
806 3332 837 3385 et
857 3325 946 3387 Aelii
965 3321 1105 3413 Antonii
1121 3325 1254 3388 Nebris-

125 3423 226 3483 sensie
241 3421 471 3483 commentariis
485 3418 572 3481 haud
580 3419 781 3503 poenitendis
796 3419 977 3496 illustrata,
1003 3419 1114 3504 quihus
1129 3423 1255 3504 insuper

127 3513 330 3598 adglutinata
351 3522 424 3576 sunt
446 3511 575 3576 Scholia
597 3513 726 3574 Ioannis
748 3512 902 3575 Sichardi
910 3557 921 3590 ,
948 3534 1029 3596 quae
1051 3517 1151 3576 omnia
1172 3536 1254 3577 nurtc

122 3611 258 3691 prunum
273 3610 305 3669 in
319 3607 566 3670 Philomusorum
579 3608 723 3691 gratiam
739 3617 952 3693 excusarunt.
971 3606 1255 3673 EucudehatAnt·

126 3702 266 3783 comice.
318 3701 420 3784 Apud
440 3701 589 3763 Ioannem
617 3699 798 3778 Sicelsium‚
830 3701 887 3763 suh
917 3712 1004 3763 scuto
1031 3700 1250 3784 Burgundiae.

125 3792 223 3855 Anno
239 3793 278 3854 M.
295 3791 334 3856 D.
353 3793 423 3870 XL,
439 3800 469 3855 8.
501 3793 611 3855 Eadem
634 3794 769 3856 Sicbardi
792 3796 885 3878 prael.
908 3795 1088 3878 subscriptio
1104 3818 1139 3858 oc
1155 3797 1185 3858 iu
1202 3799 1249 3859 ed.

125 3910 155 3952 u.
178 3895 275 3963 1536:
300 3888 448 3951 Basileae
472 3909 514 3950 ea:
529 3888 658 3950 aedibus
672 3891 790 3951 nostris
805 3892 902 3953 Anno
919 3891 1080 3951 millesimo
1097 3894 1251 3975 quingen-

127 3984 249 4045 tessimo
265 3985 420 4046 tricesimo
436 3986 578 4068 septr'mo.
602 3982 714 4047 Mense
729 3982 863 4047 Martio.
889 3982 950 4046 Sex
967 3984 1117 4049 codicibus
1133 3985 1253 4048 Sicber-

126 4078 193 4140 dum
217 4100 303 4142 usum
326 4079 418 4142 luisse
434 4079 582 4142 Arevulus
604 4080 681 4142 mele
698 4081 839 4143 venditet.
870 4080 978 4144 Porum
1001 4082 1074 4145 baec
1089 4085 1253 4146 correctior

125 4187 172 4242 est
186 4178 315 4240 secunde
333 4176 466 4242 Sicherdi
482 4176 622 4241 editione.
648 4178 814 4241 -Eodem
839 4199 907 4241 eu:
934 4180 1068 4243 Aurelii
1086 4179 1254 4244 Prudentii
