2842 4808
138 299 186 339 nur
566 293 828 347 bennanhusun.

139 489 199 531 nas
225 477 287 530 ιιι.
316 466 348 530 in
381 466 444 529 loll.
473 475 612 548 quatern.
638 472 677 526 54
708 463 861 529 desinens.
903 463 1116 549 lnscripn'ones
1141 464 1276 528 tetrasti-

141 562 282 640 cbornm,
309 570 437 645 excepta
463 561 576 644 prima,
603 581 691 622 mann
715 560 871 644 scriptoris
894 561 1001 623 aetatis
1025 557 1182 624 inferioris
1206 580 1276 643 sup·

141 661 250 744 pletee.
281 657 565 742 APsycbomachia
587 677 692 721 omnes
708 658 829 721 omnino
844 656 963 721 absunt.
1004 658 1159 721 Exaratus
1175 667 1224 720 cst
1245 659 1276 720 in

142 756 313 820 membrana
337 754 481 833 candida,
513 754 627 817 mendis
650 774 724 818 vero
747 764 855 818 scatet.
894 754 939 818 lle
968 752 1034 815 eins
1062 748 1182 833 origine
1211 749 1275 813 vid.

142 854 209 917 eod.
233 850 324 916 Alex.
346 857 438 914 1835.

229 946 302 1011 Col.
326 969 411 1010 oricus
434 946 558 1009 membr.
581 946 645 1009 loll.
670 953 688 1007 4
711 956 849 1029 quatern.
873 965 934 1009 sec.
950 942 1022 1009 Xlll
1045 938 1187 1005 exeuntis
1208 939 1278 1005 Dit-

144 1043 291 1106 toehaeon
307 1041 465 1104 continens
481 1041 562 1103 inter
576 1041 718 1105 meliores
732 1042 934 1105 recensendus
947 1050 1002 1104 est.
1030 1035 1180 1100 Carminis
1196 1034 1277 1101 eins·

144 1156 200 1219 qne
223 1132 465 1198 tetrastichorum
487 1132 702 1217 inscriptiones
731 1134 963 1197 commentarius
991 1129 1115 1196 criticus
1137 1136 1279 1193 accurate

143 1250 307 1316 expressas
322 1228 489 1313 praebebit.

230 1323 305 1388 coo.
332 1321 436 1387 Ottob.
459 1329 537 1385 1297
562 1320 688 1385 membr.
714 1322 765 1385 fol.
793 1341 855 1385 sec.
877 1320 950 1384 XlV
971 1318 1101 1382 ineuntis
1124 1317 1183 1381 luit
1206 1292 1278 1381 olim

146 1417 267 1483 loannis
281 1417 389 1499 Angeli
405 1415 497 1480 Ducis
520 1416 557 1478 ab
578 1415 743 1499 Altaemps.
774 1416 906 1500 Aspectn
929 1415 1052 1499 elegans
1076 1424 1142 1490 est,
1165 1412 1278 1499 sellai

145 1511 362 1575 emendandum
378 1510 574 1575 Dittocbaeon
597 1513 675 1593 qnod
692 1511 826 1574 continet
841 1532 944 1595 parum
970 1509 1063 1573 utilis.
1094 1461 1187 1572 Tituli
1210 1526 1278 1571 enm

145 1606 275 1690 receptis
291 1626 350 1668 non
367 1615 549 1688 congruunt.
583 1604 774 1669 inscribitur:
800 1606 920 1690 Incipit
942 1606 1022 1669 liber
1036 1604 1208 1668 Prudentii
1212 1607 1218 1666 Ξ
1244 1601 1283 1666 ia

146 1710 193 1764 ιιι
208 1701 349 1764 colunaba
363 1700 438 1762 nani
450 1708 483 1762 et
495 1701 610 1763 acterir
625 1703 811 1763 testarrecuti.
832 1699 987 1765 Accedunt
1002 1695 1210 1763 commentarii
1224 1696 1280 1762 setl

146 1793 240 1880 inepti
255 1813 354 1877 exque
369 1793 543 1875 interpretis
559 1792 713 1877 ingeniolo
728 1796 799 1858 lusi.

232 1887 266 1951 ln
283 1886 451 1952 Breriario
474 1908 540 1950 inca
556 1886 681 1950 membr.
705 1887 768 1950 l.oll
786 1887 895 1952 maior.
919 1907 982 1952 sec.
999 1885 1072 1950 XlV
1091 1884 1227 1951 meantis
1240 1886 1281 1951 ab

147 2005 231 2047 nsum
247 1981 388 2046 basilicae
400 1982 562 2046 Vaticanae
578 1981 791 2045 canonicorum
806 1999 912 2045 versus
928 1980 1042 2064 aliquot
1055 1980 1091 2045 ad
1106 1977 1175 2044 libri
1188 1975 1280 2043 Ceth.

147 2077 248 2161 hymn.
267 2076 292 2139 ll
310 2077 420 2141 contuli
437 2098 492 2140 sno
508 2077 575 2139 loco
591 2074 775 2138 indicandos.

234 2170 310 2234 cao.
330 2171 433 2236 ottob.
450 2179 529 2235 1193
546 2170 642 2233 chart.
661 2170 748 2232 lorm.
766 2180 868 2232 octon.
882 2169 1133 2252 pertinebatolim
1149 2168 1186 2233 etl
1203 2126 1278 2235 bibl

150 2264 270 2329 loannis
293 2265 401 2346 Angeli
421 2265 512 2329 Ducis
533 2265 570 2327 ab
593 2263 757 2348 Altaemps.
785 2264 927 2327 Continet
947 2275 1047 2328 autem
1071 2265 1156 2327 varie
1171 2263 1280 2340 multa,

149 2380 189 2422 ex
212 2358 319 2441 qnibns
342 2359 545 2423 Prudentiaua
566 2359 683 2442 quidem
706 2379 786 2421 anno
806 2367 886 2423 1400
910 2359 1022 2442 scripta
1042 2366 1134 2421 sunta
1155 2357 1185 2420 id
1200 2358 1282 2440 qnod

150 2477 190 2520 ex
207 2457 308 2521 notula
323 2478 352 2541 p.
375 2464 432 2521 l65
451 2457 582 2522 eiusdem
607 2477 711 2519 manns
733 2455 921 2536 colligimus,
944 2475 1020 2540 qnae
1036 2455 1282 2520 tetrastichorum

150 2551 276 2635 primum
298 2560 329 2614 et
349 2551 511 2615 secundnm
540 2571 607 2613 cnm
636 2549 723 2612 initio
747 2548 827 2612 tertii
849 2550 1001 2613 exaravit.
1040 2547 1282 2613 Commentarius

148 2656 247 2709 antem
264 2646 300 2709 ab
317 2666 372 2722 eo,
396 2664 485 2729 quem
501 2645 623 2708 exhibet
644 2645 711 2707 col.
731 2643 830 2706 Ottob.
853 2650 953 2719 1220,
977 2663 1037 2706 uon
1061 2641 1172 2705 differt.
1189 2643 1283 2707 Prae·

149 2740 227 2803 cedit
243 2751 341 2802 antem
358 2738 556 2802 Dittochaeon
572 2738 720 2819 integrum
737 2736 796 2799 alia
812 2758 901 2800 mann
916 2738 1058 2822 scriptum
1075 2759 1101 2820 p.
1123 2742 1194 2800 108.
1211 2735 1282 2801 Non

150 2844 196 2894 est
211 2832 305 2895 bonae
321 2832 428 2914 frugis.

235 2934 310 2996 Col.
329 2933 367 2997 V
365 2934 574 2997 allicallianus
590 2931 612 2994 l.
630 2930 769 3012 (Romae)
786 2933 910 2995 membr.
935 2951 995 2994 sec.
1013 2929 1086 2994 xtv
1101 2929 1236 2994 ineuntis
1250 2930 1283 2995 in

151 3030 213 3092 loll.
232 3040 333 3091 octon.
347 3035 471 3092 58...67
490 3025 628 3112 praebuit
640 3027 838 3091 Dittochaeon
854 3050 919 3092 cum
930 3026 1155 3091 commentario.
1174 3025 1281 3089 Codex

151 3123 226 3185 satis
242 3134 397 3185 correctns
420 3132 478 3184 cst.
512 3120 605 3184 ludex
622 3122 782 3205 praevius:
811 3122 960 3186 Carnunn
977 3120 1012 3185 S.
1031 3122 1199 3204 Prosperi,
1221 3117 1284 3184 Ca·

151 3220 233 3280 toreis
264 3226 297 3279 ct
316 3216 483 3279 Prudcnlii
507 3236 573 3279 curn
604 3219 824 3280 commentaria
852 3216 1007 3279 Auctoris
1028 3215 1193 3298 Anonymi
1211 3212 1281 3292 (tot.

152 3313 304 3391 58...67).
330 3309 431 3394 Esapi
444 3308 585 3372 Fabulae
600 3310 647 3371 A.
669 3309 786 3372 Salona
802 3308 967 3373 Parmensi
982 3307 1139 3371 Versibus
1160 3308 1283 3391 alagia·

151 3409 197 3471 cis
211 3408 371 3470 latinitate
387 3406 533 3469 donatae.

237 3512 310 3575 Cod.
334 3510 582 3574 Valliccllianur
606 3508 644 3572 ll.
673 3513 798 3573 membr.
823 3530 885 3573 soc.
909 3507 983 3572 XlV
1011 3509 1143 3572 ineuntis
1168 3509 1284 3570 lormae

150 3616 250 3669 oetan.
267 3603 341 3666 min.
359 3603 495 3667 continet
516 3599 735 3667 Dittocbaeon=
760 3605 878 3687 Incipit
895 3601 994 3666 Liber
1008 3600 1178 3684 Prudentrj
1197 3600 1284 3664 diro·

145 3696 226 3779 pbci
249 3695 303 3757 eale
326 3694 418 3756 adnm
444 3704 476 3757 et
494 3716 571 3771 ιιι,
595 3695 624 3757 in
647 3695 724 3758 line:
746 3694 893 3778 Enplicit
916 3694 998 3757 liber
1007 3691 1176 3780 pritdentij
1195 3692 1284 3754 cliro·

146 3789 225 3872 pbci
240 3788 320 3850 Aac.
342 3791 470 3871 gratias
486 3788 603 3851 Amen.
633 3788 832 3853 Tetrastichis
856 3789 933 3852 titnli
949 3789 1088 3873 praefixi.
1129 3786 1203 3849 coo.
1222 3807 1283 3848 non

151 3883 418 3964 contemprrenlns.
461 3882 567 3945 lnsnnt
588 3904 723 3966 quoqne:
757 3882 889 3946 Lucani.
917 3884 1045 3947 Paciae.
1079 3883 1183 3947 Libri.
1219 3880 1280 3942 Dc.

151 3977 253 4042 Bello.
279 3974 427 4038 Ptarsat.
451 3976 621 4058 Magistri.
644 3976 767 4042 Mauri.
786 3978 945 4063 Regulae.
974 3977 1167 4041 Medicinae.
1186 3973 1285 4038 Dias·

151 4071 282 4134 curialis.
308 4070 420 4135 Liber.
456 4070 585 4135 Tibulli.
620 4073 781 4137 Garunna.
814 4075 919 4137 Pauli.
945 4075 1092 4137 Diacoui.
1124 4072 1281 4136 Historia.

151 4162 447 4248 Langobardorum.
476 4164 639 4231 Tbcodoli.
656 4168 815 4254 Eclagac.
842 4169 900 4231 Da.
919 4168 1087 4232 Paradisn.
1109 4167 1281 4232 Terrestri.

151 4278 217 4321 curu
236 4258 390 4325 Adnotat.
407 4261 530 4325 incerti.
549 4261 630 4324 Aul.
648 4260 762 4325 Persii.
781 4260 931 4346 Satyrou.
951 4284 1019 4326 cunt
1033 4262 1141 4326 adnot.
1159 4261 1283 4324 Aucta·
