2842 4808
547 301 767 352 aruritensis
1164 305 1224 366 117

183 491 295 564 laetor,
314 490 445 562 uuooue
460 487 615 550 nominem
631 490 786 550 meditans
801 489 839 550 de
854 488 982 564 figmine
996 488 1124 552 iunctim

182 584 346 646 aedificare
361 581 411 643 sui
427 581 572 658 similem,
595 582 649 644 sed
666 597 726 644 non
743 583 835 645 labet
849 583 971 658 omina,

183 679 263 755 qood
280 691 393 752 corpus
409 676 554 752 solidum,
572 679 663 740 culus
679 678 812 739 imitatio
827 678 858 740 ln
875 679 984 742 umbra
998 682 1058 754 est,
1175 694 1224 735 siin

182 777 276 848 atoue
291 771 374 833 aliud
391 784 500 832 verum
516 776 576 847 est,
594 773 676 834 aliud
693 773 851 835 simulatio
867 774 945 836 vert.

184 866 242 930 Est
257 867 381 939 similis,
399 867 493 927 seclis
509 868 588 942 quod
606 882 666 928 nim
683 869 878 931 consumitur
892 871 978 943 ullis,

183 964 264 1040 quod
281 964 406 1037 sapiens
419 962 554 1036 iustique
570 977 668 1038 capax
684 964 854 1039 reginaque
869 978 975 1030 rerum

184 1061 316 1136 inperat,
335 1059 503 1131 antevidet,
521 1060 693 1135 perpendit,
711 1064 887 1136 praecavet,
906 1062 985 1137 inllt,

183 1156 349 1215 verborum
366 1167 548 1228 morumque
563 1155 667 1230 opifex
685 1154 900 1230 instructaque
916 1155 1001 1218 mille
1173 1167 1222 1213 son

183 1250 302 1310 artilrus
318 1253 349 1310 et
364 1250 481 1310 caelum
500 1264 595 1310 sensu
611 1263 792 1323 percurrere
806 1249 907 1312 docta.

185 1342 242 1406 llis
259 1345 393 1405 animam
410 1343 543 1403 similem
560 1343 618 1403 silli
635 1342 777 1403 conditor
793 1342 957 1421 eligland,

184 1442 307 1499 caetera
318 1438 518 1499 dissimilem:
538 1438 649 1512 quippe
661 1435 740 1497 hanc
752 1437 962 1511 coriprendere
975 1441 1148 1515 promptum
1163 1438 1222 1510 osi,

183 1547 276 1609 quam
291 1533 402 1594 modus
417 1535 449 1592 et
463 1533 582 1607 specics
599 1530 801 1591 determinem
820 1534 854 1593 at
864 1527 950 1594 Deus
966 1532 1078 1608 irruens

183 1634 277 1703 atqcue
293 1627 478 1702 superfusus
493 1630 582 1687 trans
598 1626 701 1686 omnia
718 1625 761 1685 ull
778 1625 870 1687 latet
887 1627 917 1687 ln
934 1642 969 1689 sc
1175 1635 1225 1684 elo

182 1727 368 1796 extremum,
385 1724 421 1782 ut
436 1721 537 1781 claudi
554 1719 656 1780 inoleat
672 1733 808 1781 sensuve
823 1720 935 1783 teneri.

182 1811 393 1891 inconprensa
409 1819 513 1875 manet
528 1815 640 1891 virtus,
660 1817 710 1877 eui
728 1816 810 1877 linea
826 1818 898 1879 delli

186 1912 311 1985 ultima,
330 1924 422 1985 otram
437 1911 572 1985 spatium
589 1927 649 1972 non
666 1913 877 1974 mensurabile
891 1914 1000 1974 tendit.

185 2005 271 2083 Ergo
288 2007 420 2067 animam
440 2007 551 2067 laetam
570 2022 681 2083 magno
696 2012 728 2068 et
744 2009 862 2070 lactore
878 2011 1041 2087 minorem,

184 2102 395 2175 maioremque
410 2099 480 2160 allis
495 2103 589 2174 atoue
605 2100 750 2161 omnious
766 2101 998 2178 inperitantem,
1176 2115 1224 2162 sio

68 2224 75 2232 ·
184 2196 366 2272 conrnptela
381 2196 483 2270 putris
499 2199 676 2256 nascentem
693 2196 816 2256 turbida
831 2198 936 2259 carnis

183 2291 319 2366 concipit
334 2305 370 2350 ac
387 2290 534 2350 meminis
549 2290 725 2351 tabentibus
742 2291 924 2354 interiusam

184 2386 350 2461 participat
364 2386 402 2446 de
417 2386 504 2445 iaecc
520 2400 595 2446 sna:
616 2387 649 2447 dt
666 2387 761 2446 mixta
778 2387 888 2449 deinde

185 2479 332 2556 peccandi
349 2484 460 2541 natura
476 2480 542 2541 luto
558 2495 627 2542 cum
644 2483 785 2558 simplice
801 2483 886 2544 llaln

249 2571 310 2637 Sed
329 2576 462 2636 loriasse
477 2576 624 2651 animam,
642 2577 756 2637 domini
773 2577 844 2651 noia
860 2576 951 2637 linxit
966 2575 1003 2634 ali
1020 2589 1084 2651 ore,
1175 2590 1224 2636 san

184 2671 376 2746 conpositam
393 2672 568 2747 laetamque
584 2687 692 2747 neges,
711 2672 797 2732 velm
812 2671 877 2747 lpsa
896 2668 952 2732 liei
968 2684 1052 2746 pars,

183 2766 265 2842 quod
281 2768 365 2827 dictu
381 2768 485 2828 scelus
501 2771 561 2843 est,
580 2771 697 2828 taetras
714 2767 816 2828 trahat
830 2768 924 2828 olrllta
940 2765 1059 2841 culpas,

184 2864 219 2921 et
232 2874 357 2935 pessum
374 2860 539 2936 dampnata
554 2875 649 2921 ruens
666 2861 758 2921 chaos
774 2861 870 2922 intret
884 2863 1037 2936 opertum.

186 2950 236 3017 Sit
251 2969 302 3015 res
317 2955 369 3015 illa
386 2952 456 3032 Dei,
475 2971 536 3016 non
550 2958 668 3018 adnuo:
694 2972 766 3032 pars
783 2961 885 3018 tamen
901 2957 955 3019 iila

184 3047 424 3124 haudquaquam
441 3050 569 3111 dicenda
586 3047 643 3111 liei
659 3055 719 3127 cst,
737 3065 817 3126 puae
833 3054 970 3126 tempore
985 3050 1097 3128 coepit.
1176 3062 1225 3112 sos

167 3179 228 3230 tot.
249 3181 363 3227 iunctim
385 3176 441 3228 rut.
458 3177 546 3229 Heius.
562 3178 627 3228 teil.
651 3178 733 3242 (ibo,
762 3179 909 3241 iunctiiA,
936 3179 1226 3246 iunctumaabmnu

94 3264 155 3302 cun
167 3255 233 3298 cett.
247 3247 354 3313 scriptis
365 3255 392 3296 el
404 3247 462 3296 edd.
585 3250 645 3297 ido.
665 3249 796 3298 ciniiiaiio
809 3248 831 3299 i·
845 3247 900 3298 dis.
1007 3249 1067 3298 ddi.
1088 3250 1124 3298 Ae
1139 3250 1190 3298 im.

129 3318 190 3368 8112.
212 3320 279 3382 quia
294 3317 311 3363 ll
324 3317 410 3380 (supra
425 3316 485 3377 all.)
503 3317 511 3364 i
529 3316 589 3365 Bon.
604 3333 619 3382 q
632 3333 719 3377 margo
735 3319 808 3365 trium
822 3317 891 3367 sien.
978 3317 1036 3365 siit.
1060 3315 1116 3382 Quo
1131 3320 1150 3366 Α
1165 3333 1191 3368 a.

94 3388 159 3438 sol.
173 3390 266 3435 instat
277 3384 331 3434 Gis.
346 3384 441 3434 Anslr.
457 3387 545 3443 licem,
561 3387 605 3433 sed
619 3389 683 3447 infit
695 3401 734 3434 ua
745 3386 789 3435 bin
799 3401 813 3449 q
822 3401 837 3432 n
850 3400 905 3433 cuin
920 3392 981 3433 ccii.
996 3385 1098 3449 scriptis
1111 3393 1138 3434 et
1150 3386 1208 3436 cdd.

149 3456 210 3505 8⁰5.
231 3469 377 3519 rerumque
390 3453 460 3517 vulg.
474 3468 515 3519 ap.
531 3453 626 3503 weliz.
642 3455 759 3519 (Quales,
771 3453 853 3502 adduc
867 3454 989 3514 nescio).
1076 3455 1135 3502 ulls,
1157 3470 1226 3503 conr·

92 3522 262 3591 pudendm
275 3538 293 3570 α
305 3537 339 3584 ¹3
358 3527 399 3570 est
411 3538 459 3571 om.
478 3524 531 3584 lm,
547 3530 682 3587 sumptum
697 3530 737 3571 esi
751 3523 771 3573 E
783 3521 801 3570 l>
813 3521 878 3587 [Cir.
894 3521 924 3569 C.
935 3519 980 3578 iil,
990 3518 1043 3584 29].
1120 3524 1181 3571 ulid.
1195 3538 1228 3573 ac

95 3594 164 3644 dm
177 3592 252 3655 l’ng.
361 3590 419 3640 812,
440 3591 536 3640 limina
551 3591 586 3649 ii;
606 3592 676 3640 dccii
689 3609 713 3640 o.
828 3590 888 3638 lsii).
909 3588 1044 3639 deviando
1058 3594 1158 3639 naim
1172 3590 1229 3641 luti

96 3661 117 3712 li
130 3662 187 3727 (ap.
202 3659 308 3721 licius.)
321 3659 382 3709 Boo.
397 3659 504 3710 Canchli
517 3661 590 3719 cod„
609 3661 743 3710 Peccantis
756 3666 858 3708 natura
875 3658 935 3707 iulo
948 3656 967 3706 li
980 3661 1031 3722 (ap.
1047 3656 1127 3721 dio.)
1139 3656 1228 3723 Tim„

94 3733 226 3797 pemati
245 3729 313 3778 coni.
337 3728 411 3791 Berg.
432 3743 472 3794 ap.
500 3728 614 3791 licite,
642 3729 752 3778 Peccaii
772 3728 932 3790 (Peccantis)
957 3732 1058 3778 natura
1081 3729 1137 3779 luit
1158 3731 1227 3781 cosi.

98 3799 214 3861 Canem,
243 3797 380 3847 vexanda
396 3799 455 3860 1113
475 3814 534 3846 cum
553 3799 673 3864 simplice
692 3800 876 3847 siciliensis.
993 3796 1053 3847 82³.
1071 3798 1227 3864 praesumi}

96 3868 165 3919 linv.
180 3865 259 3917 rate.
377 3865 436 3916 stt.
456 3867 504 3917 Fit
516 3865 536 3916 Ε
549 3882 573 3917 a.
680 3868 739 3917 ⁵³25.
756 3866 804 3916 deo
819 3881 850 3931 ῃ
869 3871 910 3916 m
922 3879 972 3916 οι.
987 3864 1064 3931 Prag.

150 3985 215 4035 ¹199.
245 3984 343 4035 Onnes
365 3985 483 4035 homines
506 3992 561 4036 um
584 3988 647 4037 boni
690 3987 795 4036 mixtam
819 3987 910 4053 quippe
934 4001 965 4036 ex
991 3988 1044 4037 luto
1064 4002 1094 4037 ιο
1113 3987 1229 4053 sinpliee

98 4070 181 4123 qm
212 4054 285 4103 nali
309 4057 456 4120 imaginem
475 4055 521 4104 dei
539 4056 645 4118 hadent,
690 4055 1014 4121 spirtio.tir.d1ll,ld.

98 4125 152 4175 soii
169 4140 235 4173 cero
255 4126 327 4173 iusti
340 4128 422 4173 etiam
441 4125 645 4174 similitudinem
743 4127 803 4174 Sti.
825 4125 980 4175 Manichaei
990 4124 1122 4179 dicebant,
1137 4136 1228 4172 onim

99 4196 135 4258 gl.
151 4208 177 4244 ι.
692 4198 798 4242 animos
820 4210 836 4242 a
858 4196 906 4243 deo
924 4198 951 4241 in
974 4194 1112 4256 principio
1134 4192 1231 4241 mundi

152 4264 216 4312 sid.
236 4258 468 4326 amn1ninc
487 4269 515 4310 et
534 4262 649 4327 eorporis
692 4263 776 4311 sinui
794 4280 851 4311 em
868 4267 974 4312 creatas
992 4262 1058 4309 etin
1076 4258 1229 4311 unioculo

101 4332 251 4395 coniugia
259 4328 384 4396 madi
394 4336 510 4381 utun·
520 4337 649 4395 procreat,
693 4335 827 4398 repositae
840 4331 876 4396 gi.
889 4346 915 4380 a.
