2842 4778
186 290 286 332 mtv
621 286 884 338 PROLEGOMENA.

101 480 162 520 tosto.
225 493 228 499 ·
273 476 395 518 emrec.
416 453 1003 539 V.'Giseliui(l.ugdunidatantd'aa
1018 455 1317 542 qoicinal'ltrnliut'-

186 569 248 610 uam
272 547 488 631 Rupbelcugii
511 556 600 611 1610.
627 588 660 595 —
691 549 800 612 Eodem
824 571 874 613 ao.
900 551 1035 613 Andreas
1053 548 1202 614 Wilcbius
1225 549 1319 613 edidit

186 640 473 725 Heortngrapbiam,
491 662 545 704 seu
561 641 790 704 commentarios
806 642 837 706 in
853 653 988 705 veterum
1005 634 1230 724 recentiumque
1246 661 1317 726 poe-

186 747 282 800 tarum
297 733 534 821 hymnos,²²)-8.
550 775 590 784 —
606 739 718 801 Eodem
731 760 781 801 aa.
801 736 980 814 „Prudentii
991 735 1197 803 Dittocbaeutu
1215 735 1247 799 iu
1261 737 1317 800 hoc

184 852 293 916 operes
318 832 471 896 Manuale
487 832 652 918 biblicum,
675 835 741 895 sr'ue
755 829 965 894 Errcbrridiun
987 829 1022 894 S.
1040 831 1075 895 S.
1094 832 1317 917 Scripturaeu

184 927 363 991 cutboliene
378 929 572 1012 apostolicae
586 932 703 990 ceteris
718 929 871 990 ecclesiae
887 926 1040 992 Patribus
1055 927 1315 1012 compendiatum,

184 1031 216 1084 et
231 1042 313 1084 natac
324 1024 461 1106 priunum
477 1043 520 1084 em
534 1023 665 1085 uetustis
680 1021 868 1084 membranis
882 1042 955 1083 mas.
974 1021 1157 1095 collectum,
1183 1030 1216 1083 et
1230 1020 1317 1083 dieu·

184 1125 246 1179 tum
263 1114 448 1180 venerabili.
468 1114 621 1200 religioso
639 1113 733 1176 Patri
740 1114 783 1178 1).
797 1114 914 1176 Ioanni
926 1110 1197 1198 Myntzenbergio
1209 1111 1320 1176 Pm‘ori

185 1211 427 1290 Currrrrlr'tnrum
443 1213 475 1274 in
494 1210 656 1274 Cannentu
670 1208 969 1290 Francqfurtliensi.
994 1209 1208 1291 Frnncrfirrti
1221 1217 1314 1274 tntu.

183 1293 270 1390 apud
283 1303 502 1388 Eganolpltnm
518 1303 716 1376 Euarnelium,
736 1299 774 1365 8.
792 1301 895 1364 Editor
910 1302 964 1364 sub
980 1301 1088 1366 litteris
1102 1304 1143 1367 M.
1161 1303 1198 1366 H.
1216 1302 1266 1380 G,
1285 1315 1317 1371 ut

184 1398 292 1482 colligo
308 1419 348 1462 ex
364 1398 490 1462 Weitzii
507 1397 691 1482 praefatione
707 1398 742 1461 ad
760 1390 986 1474 Dittocbaeum,
1004 1408 1051 1459 est
1065 1397 1317 1463 Metotioruott·

119 1518 123 1527 ·
183 1504 264 1556 astus
281 1491 526 1569 Hamiusieldius,
544 1514 560 1552 a
576 1512 634 1573 quo
645 1490 797 1554 Weiteius
815 1491 1003 1556 membranas
1018 1491 1146 1575 accepit,
1164 1489 1317 1573 inquibus

182 1586 260 1669 tiber
281 1585 532 1663 cathemeriumn,
555 1595 584 1647 et
600 1585 725 1648 Amneni
749 1575 884 1649 manuale
906 1597 981 1650 erat.
1021 1575 1079 1649 sed
1095 1586 1151 1649 boc
1167 1607 1241 1670 opus
1257 1606 1316 1648 uon

184 1681 304 1743 videtur
319 1680 430 1764 legisse
446 1679 616 1758 waitzius,
641 1681 689 1762 qui
705 1677 805 1743 Isouis
820 1680 956 1764 Magistri
973 1681 1090 1766 glossas
1106 1681 1281 1756 uberiores,
1299 1701 1316 1743 a

184 1772 329 1839 Goldastc
346 1775 508 1851 adductas,
535 1774 654 1849 omisit,
682 1792 854 1856 quamquam
872 1777 976 1852 miror,
1001 1775 1082 1854 illum
1099 1795 1116 1836 e
1132 1771 1317 1860 praefatione

184 1861 316 1933 Goldasti
339 1869 521 1955 sumpsisse,
554 1890 630 1959 quae
651 1871 686 1932 ad
707 1868 898 1933 Prudentium
926 1870 1093 1953 pertineat,
1126 1870 1184 1933 nisi
1212 1869 1317 1932 eadem

183 1964 276 2030 verba
292 1962 460 2041 Goldastus
476 1967 546 2031 alibi
568 1967 656 2030 etiam
681 1968 811 2051 scripsit.
848 1968 880 2031 la
904 1967 959 2031 boe
974 1987 1047 2051 ergo
1063 1968 1192 2054 bianunii
1208 1967 1317 2031 biblico

183 2081 250 2143 pag.
270 2059 294 2121 l.
312 2071 359 2123 est
374 2059 893 2149 PrudentiiAmcaniDiptprlton‚
911 2086 967 2127 scu
987 2062 1089 2143 Tituli
1101 2063 1316 2128 Historiarum

184 2155 319 2230 ueteris,
339 2164 369 2217 et
383 2157 459 2217 noni
472 2159 661 2218 testamenti.
698 2156 762 2219 Duo
778 2159 838 2221 alia
853 2159 962 2223 similia
980 2181 1070 2244 opera
1089 2160 1120 2224 in
1136 2161 1239 2224 eudem
1256 2161 1315 2225 eoi·

183 2247 313 2331 lectione
329 2258 399 2313 sunt
411 2249 548 2330 inserta,
574 2250 770 2334 seilicetpag.
793 2260 828 2313 17
847 2251 963 2317 Rustici
981 2253 1126 2340 Heipidii,
1144 2258 1174 2318 et
1188 2275 1256 2339 pag.
1276 2262 1316 2317 85

184 2342 345 2407 Walairidi
361 2343 502 2407 Strabi.“
526 2345 627 2408 Area.
647 2339 781 2430 prolegg.
800 2367 828 2430 p.
849 2354 900 2409 91.
999 2416 1002 2423 p

99 2470 160 2513 scta.
269 2446 404 2510 Attrelii
422 2445 592 2527 Prutlentii
615 2448 781 2512 Clementis
803 2446 848 2509 V.
870 2449 906 2512 C.
931 2473 1029 2535 opera
1048 2455 1170 2536 nauiter
1185 2450 1230 2512 cd
1241 2473 1313 2513 rurs.

175 2541 276 2627 fidem
287 2547 459 2625 recensita,
477 2546 681 2628 interpolata,
699 2546 873 2606 intrumcris
885 2568 905 2608 a
916 2548 1034 2610 utendos
1044 2546 1202 2632 purgata,
1220 2549 1317 2609 netis·

184 2656 242 2722 que
262 2646 293 2698 et
315 2637 419 2699 indice
441 2646 591 2703 accurato
608 2638 770 2709 illustrata
792 2637 942 2703 catto.
963 2640 1013 2707 W
1011 2643 1118 2704 citzie.
1136 2640 1174 2704 P.
1193 2638 1234 2703 L.
1251 2640 1317 2702 Ac-

184 2741 346 2796 cesserant
366 2737 498 2821 erunium
518 2733 686 2795 Doctorum
707 2734 866 2809 uirorum,
889 2745 1042 2821 quotquot
1061 2741 1094 2799 in
1109 2730 1316 2801 Prudentium

184 2827 401 2909 sumpserunt,
415 2836 540 2901 ‚rtotae,
568 2824 690 2887 subolis
712 2833 807 2909 utque
835 2826 1070 2893 obseruationes
1101 2852 1168 2893 cum
1196 2830 1317 2893 Glorsis

185 2918 353 2979 ueteribus.
371 2917 556 2984 Harencriue
571 2919 719 2999 [Hanau]·,
739 2920 822 3002 typis
836 2917 884 2984 W
882 2921 1055 2986 eebeliunis
1070 2923 1157 3007 apud
1165 2920 1317 2984 haeredes

186 3015 336 3081 lobannis
350 3015 479 3078 Aubrii.
506 3011 716 3087 M.DC.Xlll,
742 3017 772 3073 8.
800 3011 832 3074 lu
854 3017 949 3096 praei.
967 3018 1004 3078 de
1019 3016 1104 3079 codd.
1123 3017 1154 3078 iu
1169 3014 1315 3077 auxilium

186 3111 301 3186 ruentis
312 3111 407 3193 deque
419 3110 525 3171 edendi
540 3109 606 3172 libri
621 3111 668 3172 via
683 3121 774 3192 atque
790 3107 907 3174 ratione
919 3112 991 3174 bare
1002 3111 1180 3194 adscripsit:
1200 3108 1316 3187 „Quid-

182 3206 255 3290 „quid
280 3225 352 3268 vero
376 3206 422 3267 bio
440 3206 624 3288 praestitisse
646 3225 693 3267 me
708 3204 976 3284 animadverteris,
1000 3207 1030 3269 id
1050 3207 1129 3270 scias
1144 3205 1233 3270 velim
1251 3205 1316 3267 uni-

185 3301 295 3363 versim
310 3320 397 3362 omne
414 3299 513 3362 deberi
527 3298 658 3364 Codicib.
672 3301 791 3363 tuscus
808 3312 860 3364 aut
874 3302 1045 3383 involgatis.
1071 3301 1194 3364 Calamo
1207 3321 1317 3364 exara·

186 3405 233 3457 tos
251 3392 338 3456 babai
354 3405 528 3476 sequentes.
556 3395 653 3459 Notae
670 3396 857 3461 membranas
873 3397 1013 3480 optimae,
1031 3395 1061 3457 iu
1077 3397 1183 3477 quibus
1199 3395 1317 3477 integer

186 3501 272 3553 extat
288 3490 485 3572 Prudentius,
504 3492 538 3553 ad
556 3512 602 3554 me
619 3483 718 3570 misit,
744 3493 856 3558 saecoli
873 3491 966 3554 nostri
984 3491 1091 3567 decus,
1110 3493 1146 3555 D.
1166 3491 1316 3556 Hoescbe-

185 3587 261 3661 lius,
280 3588 395 3650 amicus
419 3587 518 3650 multis
535 3589 740 3653 observandus
759 3587 946 3660 nominibns3
970 3585 1055 3649 cuins
1071 3589 1148 3650 lama
1163 3588 1200 3650 ab
1217 3586 1316 3649 erudi-

183 3683 266 3744 tione
283 3682 378 3744 maior
395 3702 460 3744 meo
477 3694 523 3745 est
540 3687 711 3767 praeconim
730 3686 880 3766 cuiusque
897 3681 1012 3743 laudem
1031 3701 1086 3744 uec
1102 3683 1234 3746 laudatio
1251 3701 1315 3745 mea

185 3791 285 3862 auget,
304 3799 359 3842 nec
376 3779 454 3863 iivor
469 3780 584 3860 alienus
602 3769 719 3844 minuit.
744 3779 872 3842 Easdem
887 3795 961 3836 vero
978 3796 993 3836 a
1008 3773 1053 3838 Cl.
1074 3788 1100 3840 et
1118 3777 1316 3861 experientis-

186 3876 262 3939 simo
279 3876 315 3938 Ι).
334 3870 679 3956 Carolowidmarro,²⁸)
695 3873 780 3956 Reip.
797 3871 991 3953 Augustanae
1007 3869 1137 3953 Physica
1152 3890 1187 3931 ac
1203 3870 1317 3933 Medico

257 4023 302 4126 tl)
322 4061 403 4113 laed.
420 4063 518 4114 Weitz.
534 4063 564 4124 u,
579 4077 603 4127 p.
618 4060 669 4111 528
682 4074 738 4125 sqq.

256 4147 302 4212 23)
320 4146 532 4199 Widmnouiauus
551 4146 629 4208 igitur
646 4144 703 4195 eod.
723 4159 772 4193 unu
786 4153 828 4195 ent
843 4146 886 4196 itte
900 4162 914 4197 a
929 4146 1038 4199 Sionero
1058 4150 1148 4212 (caut.
1164 4148 1227 4199 bibl.
1242 4147 1316 4197 Bern.

204 4215 291 4278 ,li⁰)
304 4216 463 4282 descriptus,
484 4214 575 4280 quippe
594 4212 636 4277 qui
655 4213 783 4262 diversum
804 4216 904 4268 omniuo
925 4218 1039 4269 ordinem
1060 4218 1199 4269 carminum
1219 4223 1315 4266 servet.

218 4283 371 4336 cutientem
387 4285 433 4336 ΙΧ.
450 4285 642 4335 Sinosrosenm
656 4289 847 4335 essetestatur.

71 4440 245 4496 A
