2842 4808
453 270 718 322 ‹intuuntuutuuti
739 272 806 321 vlit.

287 455 346 520 Est
361 458 473 533 quippe
488 464 521 520 et
534 459 612 521 illud
626 460 745 535 grande
761 461 889 522 virtutis
904 474 1006 535 genus

242 554 364 630 operire
379 552 497 628 nudos,
515 553 686 628 indigentis
702 567 843 629 pascere,

242 662 331 722 opern
348 646 513 721 lenlguam
531 647 614 709 ierre
630 646 889 722 supplicantibus,

243 756 336 804 unam
351 756 520 817 paremque
535 743 632 805 sortis
647 744 800 805 husnanac
815 743 916 803 vicem

241 836 323 897 inter
338 839 480 910 potentes
495 840 589 912 atque
605 852 722 912 egensm
738 838 863 898 ducere.

286 927 370 991 Satis
387 932 496 992 leatus
511 933 643 1006 quisque
658 932 800 992 dextram
816 932 960 1008 porrigit,

240 1022 342 1086 laudis
358 1039 513 1101 rapacem,
538 1024 697 1100 prodigam
714 1025 875 1101 pecuniae,

241 1119 333 1180 cuius
349 1118 478 1179 sinistra
495 1119 584 1180 dulce
601 1120 717 1180 iactum
734 1120 871 1206 nesciat:

241 1214 329 1275 iilum
347 1228 499 1289 perennes
514 1218 657 1291 protinus
674 1217 819 1292 conplent
833 1231 921 1293 opes,

241 1311 380 1384 ditatque
396 1311 518 1371 tructus
534 1311 746 1372 faenerantem
763 1313 942 1388 centuplex.

376 1513 444 1564 Vlli.
477 1513 616 1567 nitidus
634 1516 721 1568 Pusr
736 1516 899 1570 tititltuttii.

326 1655 452 1721 Christe
468 1674 630 1723 serrorum
648 1661 788 1738 regimen
804 1667 941 1739 tuorum,

325 1757 470 1818 mollitus
486 1757 538 1832 qui
555 1772 613 1818 uos
629 1759 793 1820 moderans
808 1759 937 1823 dadonis

325 1852 439 1913 leniter
453 1852 560 1913 menas
576 1851 722 1927 tacitique
737 1858 842 1929 septos

489 1943 559 2021 lege
574 1956 718 2006 coerces:

134 2099 201 2148 212.
223 2097 370 2162 indigentis
392 2100 446 2162 iss,
465 2099 616 2165 indigentes
634 2099 712 2150 Laur.
733 2101 774 2150 ἳα
792 2107 819 2151 et
839 2100 920 2166 requ.
941 2101 1021 2150 nostri
1040 2102 1128 2168 scripti
1145 2118 1199 2152 cum

57 2171 122 2220 edd.
141 2169 211 2234 [Cir.
228 2167 295 2218 Geli.
311 2166 480 2219 Nesmeimis.
496 2168 570 2230 xiii,
585 2167 641 2236 201.
782 2169 842 2221 iti.
859 2174 1021 2237 partemque
1036 2171 1045 2219 l
1058 2189 1075 2220 a
1089 2187 1112 2220 o.

95 2240 163 2288 titt.
186 2241 310 2303 qm'spuis
323 2236 376 2287 Gis.
390 2257 397 2300 ς
414 2242 541 2303 porriget
557 2238 604 2289 it.

135 2375 277 2439 inscriptio
291 2375 347 2424 cod.
361 2375 376 2423 b
390 2375 503 2425 evanuit.
520 2377 545 2426 3.
560 2370 669 2426 Leniter
682 2375 757 2440 Prag.
773 2377 884 2438 glossam
897 2379 973 2443 sopit.

59 2518 155 2563 satiet
165 2516 383 2572 animamarum,
398 2518 425 2562 et
433 2529 486 2578 pro
498 2519 524 2563 te
536 2513 618 2563 odeat
659 2514 796 2577 (magnoin)
810 2513 929 2563 ieiunium
943 2514 1008 2563 hunc
1020 2530 1117 2580 quoque
1129 2515 1199 2582 leym·

62 2584 209 2632 watinum
225 2581 301 2630 desim
321 2585 411 2631 oratio
425 2585 491 2632 etus.
522 2582 552 2631 Si
564 2586 617 2649 igi·
659 2598 716 2631 niens
737 2582 834 2642 refers,
856 2583 911 2631 sive
930 2582 960 2631 ad
980 2584 1198 2633 hebdomadalium

62 2659 113 2701 ser
142 2653 186 2699 sic
221 2655 449 2700 consummaveris
486 2653 616 2701 teissus‘um
657 2650 1198 2717 ieiuniorumstationes,quaeseriaquaria

64 2726 157 2782 tuane,
167 2719 393 2782 quenadmodum
404 2724 544 2784 praecipio
554 2722 614 2781 tibi,
658 2727 684 2768 et
698 2727 770 2769 sernia
783 2719 892 2782 fiebant,
908 2735 970 2769 cave
985 2737 1014 2769 oe
1027 2736 1081 2769 cum
1095 2722 1198 2786 quibus-

64 2790 231 2839 milesiis
251 2794 299 2837 tua
320 2794 434 2853 accepte
446 2789 569 2848 domnice,
589 2793 619 2837 ei
658 2788 715 2838 dem
728 2789 911 2853 interpretibus
931 2789 960 2838 de
980 2789 1074 2839 ieiunio
1088 2791 1197 2854 quadra-

64 2859 206 2907 seritesur
219 2859 270 2906 hoc
290 2860 421 2907 ieiunium
437 2863 522 2907 tesam.
554 2857 616 2922 Qni—
658 2858 728 2921 ginta
747 2858 845 2906 dierum
864 2857 985 2922 occipias.
1018 2859 1198 2924 drevalopoe·

65 2927 115 2976 hus
129 2926 213 2976 addas
226 2941 256 2973 ex
271 2928 374 2991 capi:
395 2928 553 2991 discessis,
575 2931 616 2975 in·
659 2934 700 2976 ina
724 2927 803 2976 nostri
835 2927 956 2977 ieiunium
982 2926 1080 2977 Pascha
1106 2926 1197 2978 festum

65 3000 144 3060 quii,
165 3010 219 3044 nou
241 3011 296 3044 esse
313 2999 444 3045 ieiunium
458 2997 521 3058 troc,
543 2996 616 3060 quaed
656 2997 812 3060 praecedens
825 2996 992 3060 quadraginta
1011 2997 1127 3046 horarum
1141 3012 1197 3062 per-

64 3067 176 3129 putatis
190 3078 236 3111 ees
249 3067 386 3127 ieiunare‚·
405 3064 454 3115 sed
466 3080 514 3128 ego
529 3070 554 3114 te
568 3066 615 3114 du·
657 3066 763 3114 durasse
777 3066 885 3114 videtur.
908 3064 976 3131 [Cir.
991 3064 1101 3118 Tertnii.
1116 3066 1148 3115 de
1160 3067 1197 3117 ie·

68 3135 148 3192 ecte,
167 3131 613 3199 quedsr'ties‘uniumptenumee·
656 3134 708 3184 iun.
732 3133 883 3195 tt,13‚t‹i‚
912 3137 976 3184 iren.
997 3133 1194 3201 ap.Euseb.V‚

67 3208 231 3266 septumque
250 3201 307 3252 dee.
339 3203 428 3265 Aridi,
448 3207 553 3266 inquit:
568 3202 613 3252 du·
656 3203 688 3252 ii
708 3200 776 3253 eidi
795 3197 999 3270 τεσσαράκοντα
1012 3197 1086 3268 ὥρας
1103 3198 1196 3272 ἡμερι-

66 3274 158 3320 ninus
177 3286 230 3318 nest
250 3270 386 3321 desiderat
408 3271 463 3321 tole
482 3275 612 3321 s'eissssium
655 3265 706 3328 νάς
719 3287 747 3321 τε
760 3271 807 3321 καὶ
826 3266 986 3340 νυκτερινὰς
1006 3274 1195 3357 συμμετςοῦσι

66 3354 283 3400 superuacuam
313 3343 353 3388 sic
374 3344 444 3389 enim
469 3341 613 3390 ieiunando
656 3337 705 3403 τὴν
729 3342 858 3404 νηστείαν
880 3343 926 3402 (al.
948 3336 1067 3409 ἡμέραν)
1092 3343 1193 3392 avseis.

67 3410 139 3458 nteit
170 3415 300 3474 praestes
330 3413 476 3473 aequoreis.
522 3410 613 3459 Ieiuno
656 3408 713 3458 Vid.
728 3408 837 3458 Tertull.
853 3409 869 3459 l.
886 3411 902 3459 1.
919 3410 998 3460 Clem.
1013 3410 1086 3460 Alex.
1099 3410 1193 3460 Strom.

67 3482 139 3526 ees-te
152 3492 247 3525 nerum
259 3480 387 3526 ieiunium
404 3478 468 3528 tote.
494 3477 611 3528 Nilum
656 3476 711 3537 vit,
735 3496 757 3543 p.
774 3479 822 3528 Sit
842 3479 883 3528 ed.
904 3478 974 3543 0x.].
1008 3477 1078 3542 Quae
1094 3480 1193 3544 quidem

66 3550 125 3595 sita
138 3551 188 3595 tue
207 3549 428 3610 nequitersucins
437 3565 446 3606 ,·
463 3548 510 3596 sed
525 3553 613 3596 menete
656 3548 749 3597 ieiunia
758 3585 765 3608 ‚
780 3550 929 3611 praesertim
944 3547 1139 3598 hebdomadalia
1153 3547 1193 3597 vel

62 3614 611 3681 parmenides,eustodiensmandeta
655 3617 816 3665 semiieiunia
840 3618 899 3664 hora
927 3631 990 3664 nona
1017 3616 1192 3668 solvebantur.

66 3688 141 3746 sius,
173 3689 201 3732 et
225 3686 253 3732 s'a
270 3692 419 3749 praecepta
440 3691 498 3735 eius
522 3688 611 3748 tegre·
655 3684 727 3747 [th.
742 3701 767 3732 v.
779 3685 804 3744 9,
820 3682 954 3746 P.Vt,5o,
970 3683 1191 3752 Epiphanexpos.

64 3752 166 3811 liaris,
188 3768 274 3816 neqsse
292 3753 435 3804 admiseris
449 3754 610 3803 desiderium
654 3753 695 3803 fid.
712 3753 761 3801 22:
781 3749 891 3818 τετράδι
906 3752 949 3813 δέ,
968 3755 1015 3804 καὶ
1028 3752 1057 3805 ἐν
1070 3760 1195 3826 προσαμ-

64 3836 163 3871 nocens
182 3824 211 3870 ἐκ
227 3825 318 3871 aritine
336 3829 394 3873 tuo.
425 3823 610 3876 Credeuutem
652 3817 728 3886 βάτῳ
741 3820 770 3870 ἐν
783 3824 895 3887 νηστείᾳ
908 3818 959 3880 ἕως
971 3815 1045 3890 ὥρας
1057 3820 1192 3891 insidant}

63 3890 187 3951 domino,
199 3894 225 3940 si
235 3893 418 3956 daecfeeen‘m
434 3897 611 3958 timoremque
654 3891 741 3956 Neque
752 3899 834 3939 temen
847 3892 943 3941 infitias
957 3894 1056 3955 iverim,
1072 3895 1192 3945 ieiunium

64 3964 121 4009 eius
135 3960 275 4023 laetioris,
298 3965 380 4026 atquc
399 3963 562 4011 abstinueris
576 3962 610 4010 ad
653 3962 872 4025 quadragesimale
882 3961 1050 4027 quadraginta
1061 3965 1129 4014 horis
1139 3965 1194 4013 lon·

64 4032 140 4078 sessi
148 4033 260 4094 negotio
272 4030 353 4090 muto,
368 4029 416 4079 dero
428 4037 454 4080 te
464 4036 608 4079 victurum.
653 4031 708 4090 gius
722 4031 770 4078 iem
787 4030 916 4079 trudendi
931 4039 1043 4097 tempore
1055 4035 1146 4097 passim
1160 4045 1191 4080 ex

66 4097 136 4147 unce
153 4101 181 4146 ss'
193 4098 309 4161 seceris,
331 4102 462 4147 teissssium
481 4114 607 4164 magnum
652 4114 699 4147 usu
713 4099 813 4163 privato
827 4100 976 4150 invaluisse.
1003 4100 1101 4150 Etenim
1116 4114 1191 4164 qnae·

65 4167 269 4216 ammento
286 4173 479 4234 acceptumque
491 4168 607 4218 demisso.
653 4169 692 4216 vis
710 4175 822 4217 veterum
837 4168 1039 4218 Christianorum
1057 4169 1190 4234 disciplina

651 4238 744 4286 sensim
757 4237 900 4302 sensimque
913 4252 945 4287 ex
954 4237 1099 4303 primordiis
1110 4237 1191 4288 crevit

114 4301 186 4353 viti.
229 4300 290 4352 Sive
320 4305 352 4354 ad
389 4304 609 4370 quadragesimale
652 4306 755 4356 minutis
767 4306 966 4371 levioribusque.

134 4411 269 4457 Prudentius
280 4411 315 4455 od.
329 4412 426 4456 liressel.
962 4389 982 4451 4
