2842 4808
446 701 970 777 DITTOOHAEON.

474 911 786 966 insinuantium
805 912 946 967 vuius,

555 1035 576 1085 Ι.
608 1033 702 1086 hthi
721 1035 766 1086 ET
785 1033 862 1086 EVA.

275 1128 342 1191 liva
359 1131 501 1193 columina
518 1131 579 1194 tou
594 1135 669 1192 tunc
685 1132 828 1208 cantilla,
845 1132 935 1208 nigra
952 1132 1063 1194 deinde

234 1226 316 1285 lacta
332 1240 387 1300 per
402 1225 575 1302 anguinum
592 1225 785 1288 malesuada
802 1227 912 1288 insuite
927 1240 1083 1289 venenum

214 1345 315 1408 incipit
328 1345 397 1394 liber
410 1345 555 1408 ditlaehei,
570 1346 644 1412 quod
655 1361 748 1396 nomen
762 1352 805 1395 est
816 1345 853 1395 ati
867 1347 1018 1410 placitum,
1031 1346 1077 1397 tiis
1088 1362 1180 1412 grece,
1196 1348 1285 1400 lutiae

144 1413 260 1479 rqseciio
274 1427 303 1475 a,
318 1413 506 1464 ih'ttoohueum
520 1414 579 1465 hit.
595 1414 688 1477 Lusi„
703 1416 746 1464 AI
749 1415 956 1467 TTOXAION
964 1415 1054 1479 hren„
1068 1415 1171 1482 Incipit
1181 1416 1283 1484 Ds‘ptp·

144 1484 211 1532 chan
231 1482 326 1531 hmau.
348 1485 413 1542 (see.
427 1480 498 1544 XVl)
511 1481 551 1545 A,
572 1481 625 1531 iste
639 1482 708 1532 liber
722 1486 835 1548 propria
853 1484 1015 1534 Diracheum
1030 1489 1142 1535 uocatus
1156 1485 1181 1534 iu
1196 1485 1235 1550 gl.
1251 1485 1281 1550 0,

143 1551 281 1617 Incipiunt
300 1549 378 1599 tituli
394 1551 573 1601 historiarum
592 1550 701 1600 Aurelii
716 1551 864 1600 Prudentis·
882 1552 1085 1617 Hispaniensis,
1105 1553 1181 1618 quad
1200 1554 1283 1605 Dira-

144 1620 236 1668 cheum
251 1617 283 1667 tie
295 1622 587 1684 utraquehestamento
601 1623 714 1669 uocatur
727 1619 794 1669 ulter
805 1620 861 1670 eod.
878 1619 909 1684 0,
926 1619 1015 1671 Tituli
1025 1621 1206 1672 historiarum
1220 1620 1245 1673 T
1257 1625 1280 1673 is

142 1687 399 1807 liliilittlli
410 1686 899 1821 liuilniilliillliiliit
908 1687 1284 1823 itiitltllititi‘utf

144 1826 193 1874 hae
212 1830 238 1873 at
256 1824 280 1873 iu
301 1823 351 1873 line
374 1826 490 1888 opusculi
514 1825 641 1891 iaphiaii
665 1825 736 1874 liber
756 1825 903 1890 prudentii
921 1825 1060 1876 Columba.
1084 1825 1133 1876 dea
1155 1831 1279 1892 gratias.

143 1894 255 1942 Amen:-
282 1890 370 1941 Dress.
390 1891 526 1943 Muricttus
540 1895 570 1943 de
590 1892 665 1956 Prug.
685 1894 808 1943 adnotat:
829 1893 879 1956 „ln
902 1893 1025 1957 Prugeusi
1047 1899 1145 1944 tautum
1159 1901 1220 1945 erat
1240 1895 1280 1945 hic

141 1959 259 2011 Titulus:
274 1961 356 2010 Dicta
371 1961 515 2012 Prudentii
527 1963 649 2020 Aurelii,
664 1968 691 2012 et
703 1968 846 2011 ceterorum
860 1961 1010 2025 titulorum,
1025 1963 1068 2028 qui
1081 1962 1190 2014 cuilibet
1202 1978 1280 2030 prse-

143 2027 257 2091 figuntur
269 2027 309 2078 bio
323 2029 353 2089 (i.
368 2043 393 2079 e.
410 2030 435 2078 in
449 2031 490 2079 ed,
505 2029 627 2094 Aldina),
643 2029 678 2079 ibi
692 2029 777 2079 nullus
789 2038 855 2092 erut,
870 2031 914 2081 sei
929 2046 1020 2082 versus
1033 2046 1120 2081 omues
1132 2031 1278 2083 cauuuusu

143 2096 198 2147 eiua
211 2095 286 2145 titula
300 2095 387 2145 ullo.“
405 2097 542 2161 haospiunt
555 2096 644 2147 Tituli
656 2099 857 2164 hystoriarum.
875 2115 927 2165 per
944 2099 1044 2150 Atium.
1064 2100 1101 2150 itt
1112 2098 1202 2150 Euam
1219 2098 1277 2151 usa.

142 2166 197 2230 (qui
211 2164 235 2213 iu
250 2162 381 2213 Prudeulli
401 2165 454 2214 vitu
474 2173 579 2214 auclore
598 2162 731 2216 Genouiia
752 2166 902 2229 opusculum
923 2167 986 2217 dicit
1002 2169 1156 2236 Κηροχειιιιι
1175 2167 1206 2218 sti
1229 2167 1280 2220 Eo·

142 2232 269 2282 obiritliou
285 2233 403 2296 innuens)
419 2234 433 2283 b
447 2233 491 2283 im
506 2240 532 2283 et
545 2233 712 2300 Euplieiunt
732 2234 812 2284 tituli
829 2237 1011 2286 historiarum
1026 2235 1050 2285 iu
1064 2235 1113 2287 iius
1127 2232 1187 2286 flul.
1202 2236 1223 2298 i,
1237 2237 1279 2287 in·

143 2305 249 2367 cipiunt
270 2303 348 2351 tituli
363 2305 522 2352 istoriarum
545 2318 578 2364 α,
598 2303 700 2366 incipit
713 2302 780 2352 iiber
798 2303 830 2352 de
842 2303 946 2354 dssobus
967 2306 1140 2354 testamentis
1165 2304 1277 2356 subinde

142 2371 198 2422 Eua
216 2369 343 2421 Columba
356 2373 387 2433 β,
407 2371 588 2434 Prudentius3
608 2371 632 2421 iu
652 2385 732 2434 marg.
748 2371 839 2421 dextro
858 2373 998 2423 Historia.-
1018 2373 1044 2421 iu
1058 2372 1143 2438 operis
1157 2371 1207 2423 flue
1220 2373 1278 2422 Es·

140 2440 259 2506 pliciunt
272 2439 405 2488 historiae
415 2439 559 2504 prudentii
573 2439 634 2490 1411
653 2436 671 2489 δ
677 2477 685 2502 ,
705 2440 806 2504 incipit
818 2439 850 2489 de
862 2440 943 2490 adam
957 2446 982 2490 ei
996 2440 1058 2491 Eua
1076 2448 1103 2491 et
1116 2439 1140 2490 iu
1155 2440 1207 2491 iiue
1219 2442 1278 2492 tte-

139 2507 221 2573 ph'ait
232 2506 302 2557 iiber
309 2507 454 2572 prudentii
466 2508 498 2571 d,
517 2509 618 2572 Incipit
630 2508 697 2558 liber
707 2508 854 2574 puraensp·
864 2508 971 2572 aurciip'
992 2509 1032 2559 iio
1044 2524 1094 2559 eus
1106 2515 1135 2560 et
1144 2509 1239 2569 adam,
1253 2510 1277 2559 iu

144 2576 193 2626 bue
205 2577 279 2627 Deo.-
295 2573 422 2627 Gratias:
437 2593 469 2639 η,
488 2576 590 2640 Incipit
603 2577 671 2626 iiber
680 2576 826 2641 prudentis⁸
837 2576 869 2628 de
883 2577 1025 2640 columba,
1047 2576 1073 2626 iu
1087 2576 1136 2627 flue
1149 2577 1280 2644 neptun

142 2644 211 2696 iiber
230 2643 375 2709 prudentii
394 2644 626 2708 hecatomben,
651 2646 752 2709 incipit
773 2645 854 2696 Liber
872 2645 1019 2709 Prudent'p'
1037 2645 1165 2710 dirophes'
1180 2645 1207 2697 iu
1227 2645 1278 2697 bue

142 2713 268 2778 Eaplieit
280 2713 347 2762 lihar
364 2712 509 2777 prudentij
522 2712 657 2776 dirophci.
674 2713 854 2779 deogratias.
870 2715 955 2765 Amen
968 2728 999 2776 s,
1020 2714 1120 2778 Incipit
1132 2713 1219 2765 Liber
1229 2716 1280 2766 tn·-

143 2782 267 2831 lraaheus
280 2780 332 2844 Qui
343 2782 508 2832 continetur
521 2782 549 2830 ln
562 2780 660 2832 Tituh's
671 2782 852 2832 Historiarum
864 2798 894 2844 u,
909 2781 1010 2844 Incipit
1022 2781 1091 2832 iiber
1099 2798 1146 2832 sue
1157 2782 1279 2833 eaiambe

141 2864 214 2911 am.‚
234 2856 260 2897 ct
273 2849 358 2913 paullo
373 2848 440 2898 inira
453 2864 528 2898 mauu
541 2851 636 2900 aetatis
649 2850 775 2914 sequioris
796 2849 878 2900 hiber
886 2850 1032 2914 prudentii
1044 2866 1152 2900 carmen
1166 2866 1277 2902 suorum

141 2917 182 2967 De
196 2919 282 2965 ueteri
294 2921 322 2964 et
334 2931 401 2965 naua
416 2922 578 2966 testamento
591 2934 615 2966 z.
644 2916 811 2983 inscriptione
825 2926 915 2968 curant
927 2916 995 2968 vait.
1011 2934 1024 2967 a
1038 2935 1057 2984 y
1070 2918 1109 2978 ζιι
1123 2935 1137 2985 q
1151 2919 1190 2981 (iu
1204 2920 1279 2970 cuius

142 2998 222 3045 marg.
245 2998 313 3032 mun.
334 2984 471 3033 recentiori
495 2986 671 3050 „Dsptpahan
686 2986 791 3036 Veteris
811 2992 839 3035 et
855 2985 926 3037 Noui
940 2986 1121 3049 Testamenti,
1143 2989 1211 3052 quod
1230 2987 1277 3038 alii

142 3053 254 3102 hmoeuo
268 3052 312 3101 alii
327 3051 431 3101 Sedulio
446 3051 596 3115 tribuunt“)
611 3069 635 3118 p.
662 3052 701 3102 Ex
715 3052 810 3103 Giiaoii
829 3055 981 3104 conlectura
994 3055 1147 3121 Dipipchun
1160 3059 1219 3106 sive
1234 3055 1278 3106 Ti·

142 3121 216 3170 iuius
229 3124 375 3186 utriusque
390 3120 555 3171 Testamenti
572 3121 824 3187 incompunctus,
844 3123 998 3189 Diptpohan
1017 3126 1071 3174 siue
1084 3123 1277 3175 Euchirs'eiiuas

142 3189 207 3240 Call.
223 3191 377 3256 Ds'pipehon
391 3189 454 3240 uui.
484 3191 647 3251 Singulorum
661 3191 869 3241 tetrastichorum
885 3192 953 3240 tituli
969 3192 993 3241 iu
1007 3192 1082 3242 soii.
1097 3206 1220 3259 perquam
1233 3207 1279 3242 vs·

142 3261 211 3308 sieut
225 3259 433 3325 discrepantque.
459 3257 580 3310 Nonnulli
594 3267 622 3310 ut
637 3263 654 3309 h
672 3258 779 3321 lil'rag.
795 3258 862 3309 Vall.
878 3258 897 3308 a
909 3259 948 3318 ζιι
963 3276 977 3325 q
991 3276 1008 3327 y
1021 3276 1036 3310 s
1051 3266 1079 3311 et
1091 3259 1157 3310 ouo.
1173 3262 1276 3311 omuino

141 3342 185 3377 eos
199 3327 338 3389 omittunt3
365 3344 412 3377 nou
433 3327 482 3377 uisi
505 3329 642 3377 secuudum
657 3336 683 3377 et
696 3330 799 3378 tertium
814 3328 965 3378 inscribitur
978 3329 1004 3377 iu
1018 3342 1047 3391 s,
1068 3328 1174 3379 exbibet
1187 3329 1278 3380 titulos

141 3411 221 3460 usque
240 3396 271 3444 sd
291 3395 397 3460 primum
418 3397 477 3445 novi
496 3398 643 3446 testamenti
658 3397 684 3445 d.
710 3394 736 3446 lu
750 3397 811 3446 aliis
832 3396 1021 3462 exemplaribus
1040 3398 1114 3462 primi
1128 3396 1278 3448 tetrasticbi

141 3465 221 3515 coivit
230 3465 323 3514 titulus
336 3479 393 3514 eum
408 3465 574 3531 inscriptione
588 3465 668 3514 lolius
681 3466 807 3531 opusculi,
822 3473 850 3515 ut
863 3466 950 3515 villere
964 3472 1003 3515 est
1017 3480 1049 3515 es
1062 3464 1104 3528 iia,
1119 3479 1187 3530 quae
1200 3479 1277 3532 supra

141 3540 229 3583 uoluta
243 3539 311 3582 sunt.
331 3532 418 3596 Quare
431 3533 490 3583 illos
503 3540 602 3583 lantum
615 3533 731 3598 adposui,
746 3534 787 3598 qui
801 3533 958 3599 antiquiores
968 3532 1133 3583 videbantur.
1154 3531 1222 3584 Esse
1234 3549 1278 3584 cos

141 3616 189 3650 uon
204 3601 235 3650 ub
249 3607 355 3650 auclore
369 3601 412 3649 sed
434 3616 447 3649 a
463 3602 579 3651 librariis
599 3617 643 3666 pro
664 3601 787 3665 cuiusque
807 3610 882 3667 captu
902 3601 1034 3654 uouieolos
1053 3602 1083 3651 sd
1098 3618 1175 3651 unum
1189 3617 1277 3653 omues

140 3684 290 3736 persuasum
310 3670 407 3730 habeo,
430 3670 556 3734 siquidem
575 3669 646 3733 ipsae
665 3669 796 3733 picturae,
815 3670 908 3734 quibus
927 3669 1028 3734 singula
1042 3671 1199 3721 tetrasticha
1218 3671 1277 3722 sub-

140 3737 236 3803 scripta
249 3737 364 3796 stabant,
379 3737 502 3787 liacomet
514 3738 564 3787 ism
578 3737 644 3787 satis
656 3737 861 3803 explicabantur.

212 3805 230 3855 l.
252 3805 292 3855 De
304 3805 392 3855 Atiam
407 3811 435 3855 et
447 3806 505 3855 Eua
523 3822 541 3854 α
556 3805 612 3854 hit.
634 3805 717 3868 lausi.
732 3804 828 3856 Weitu.
845 3805 953 3864 licius,
973 3806 1015 3872 qui
1030 3822 1059 3856 se
1072 3806 1235 3872 expressisse
1247 3821 1278 3856 es

141 3873 349 3923 tetrastichorum
364 3874 482 3923 lemmata
496 3873 578 3934 dicit,
593 3888 658 3939 quse
672 3874 822 3938 praebuerit
835 3873 868 3923 T.
994 3875 1016 3924 1.
1038 3877 1134 3924 tunch
1150 3872 1171 3924 lt
1186 3874 1275 3926 Dress.

142 3942 221 3991 Laur.
237 3940 590 4007 νι11.αιβ1ιγι1εζίιιιιιι
604 3940 702 3992 Weitu.
723 3941 810 3992 licius.
827 3940 915 3991 cnam.
931 3941 995 3993 Cell.
1012 3941 1096 4002 0bb.,
1117 3949 1175 3992 turn
1188 3957 1205 4008 q
1217 3944 1277 3994 hit.

141 4008 222 4073 Lugii.
239 4010 310 4060 slei.
321 4018 373 4060 tres
387 4008 461 4059 taor.
478 4009 534 4059 Gis.
549 4009 625 4058 Char.
642 4010 724 4060 Postu.
739 4011 833 4060 hmstr.
848 4011 925 4060 hren.
942 4009 1011 4075 [Cir.
1026 4010 1052 4062 S.
1069 4011 1089 4075 l,
1104 4011 1185 4078 praei.
1202 4010 1261 4079 46].

193 4078 218 4126 1.
238 4083 400 4142 anguineum
415 4077 502 4128 liress.
523 4076 598 4142 Prag.
620 4077 677 4127 list.
695 4076 762 4129 Vall.
776 4082 794 4142 pi
808 4079 1052 4144 hydriniim
1065 4078 1277 4148 qspsWeits.

140 4144 202 4208 (uon
217 4145 246 4207 P)
266 4147 345 4196 Cbor.
370 4147 450 4197 l'octt.
466 4147 549 4209 Cell.;
573 4146 738 4197 malesuasa
753 4146 840 4197 [irase.
854 4144 922 4197 Vall'.
943 4144 1020 4213 pyt
1029 4163 1041 4197 a
1055 4166 1071 4212 sp
1085 4165 1099 4198 u
1113 4163 1129 4215 p
1142 4165 1172 4212 u,
1200 4151 1278 4202 mula

95 4241 99 4248 ·
140 4228 222 4262 suasa
237 4213 257 4272 ζ.
273 4213 321 4279 Qui
335 4216 494 4266 malesuada
505 4216 631 4277 scribunt,
645 4214 865 4281 malefortisili.
876 4215 1100 4280 iiilcoaiunssere
1111 4217 1251 4271 debebunt.
